2366 3540
1516 311 1567 351 16

751 426 784 468 οἱ
820 424 893 467 θεοὶ
927 424 1043 474 μέγα
1078 424 1283 472 issam-xv,
1319 422 1435 464 ἄδεια,
1466 424 1542 474 μὲν
1580 424 1865 474 ἀποδίδοσθαι,
1897 423 2013 467 ἄδεια
2045 425 2084 466 δὲ
2119 424 2321 472 ὠνεῖσθαι,

752 493 863 549 quod
896 505 1026 548 quum
1063 505 1113 534 ex
1151 492 1242 547 ipso
1285 493 1520 534 sententiae
1553 491 1682 534 fundo
1726 493 1960 540 eruissem,
2004 492 2089 534 vidi
2123 491 2229 534 illud
2262 493 2321 547 ip-

752 575 847 603 sum
891 561 1067 614 ςέφοινον
1107 561 1148 602 δέ
1187 574 1262 616 pro
1290 562 1458 615 ςέφουσι
1498 561 1540 603 δέ
1570 574 1593 604 a
1625 562 1750 619 Myna
1791 566 2006 616 tamquam
2038 574 2088 603 ex
2131 562 2220 617 ipso
2253 560 2323 602 Co-

751 629 843 671 dice
875 629 1036 671 editum
1073 642 1174 672 esse.
1240 631 1354 673 Fieri
1396 636 1533 687 potest
1577 637 1624 673 ut
1655 631 1832 684 ςέφκνον
1863 642 1914 673 ex
1953 629 2131 684 repetita
2162 623 2326 671 Codicis

750 697 930 740 lectione
959 698 1130 741 tandem
1159 712 1181 741 a
1214 699 1340 756 Myna
1373 699 1502 743 fuerit
1534 701 1757 755 agnitum,
1791 699 1884 742 fieri
1921 711 2088 754 quoque
2118 703 2254 753 potest
2279 703 2326 740 ut

751 766 856 808 illud
890 766 1033 810 eodem
1070 766 1192 809 niodo
1226 774 1353 824 atque
1393 782 1469 824 ego
1501 782 1552 811 ex
1584 770 1675 825 ipsa
1707 769 1788 811 loci
1829 768 2040 812 sententia
2082 768 2325 822 expiscatus

752 835 905 879 suerit:
949 836 1021 879 sed
1065 836 1273 892 quidquid
1317 838 1445 880 huius
1478 838 1539 880 rei
1585 844 1679 888 est,
1723 837 1802 880 hoc
1845 836 2015 893 quidem
2058 841 2232 892 apparet
2263 835 2326 880 ςέ·

751 910 902 959 φουσι,
935 905 1046 960 quod
1080 906 1122 946 in
1153 906 1394 962 apographo
1435 906 1622 962 legitur,
1655 920 1678 948 a
1711 907 1836 964 Myna
1880 919 1960 948 non
1993 907 2035 948 in
2079 904 2230 948 Codice
2269 904 2325 946 le-

752 980 868 1016 ctum
905 974 976 1017 sed
1007 988 1082 1030 pro
1115 975 1331 1030 scriptura
1366 988 1493 1031 quam
1538 974 1735 1030 expedire
1769 988 1851 1016 non
1894 980 2034 1030 posset
2073 980 2233 1017 temere
2265 974 2326 1015 in—

754 1043 1008 1099 terpolatum
1052 1056 1159 1086 esse.
1235 1043 1357 1086 Nunc
1402 1045 1537 1097 igitur
1586 1044 1820 1086 constituta
1869 1043 2049 1085 firmiter
2094 1043 2326 1098 posteriore

751 1113 986 1155 sententiae
1017 1118 1135 1168 parte
1169 1113 1353 1168 experiri
1395 1114 1513 1156 iuvat
1553 1113 1655 1169 quid
1696 1114 1739 1154 in
1783 1112 1922 1168 priore
1966 1110 2186 1153 commode
2228 1124 2325 1166 sup-

749 1181 857 1238 pleri
896 1182 1040 1237 possit.
1107 1182 1217 1234 Quid
1259 1182 1400 1225 dicere
1444 1183 1626 1225 voluerit
1669 1181 1954 1224 Philostratus
1998 1184 2192 1236 apertum
2234 1185 2324 1222 est:

750 1251 905 1306 quihus
936 1250 974 1292 id
1010 1251 1148 1293 verbis
1190 1251 1496 1307 significaverit
1537 1252 1730 1294 divinare
1773 1250 1856 1292 nisi
1888 1249 2052 1292 Codicis
2094 1261 2171 1305 ope
2208 1247 2326 1290 adiu·

751 1326 821 1362 tus
853 1333 976 1362 nemo
1010 1321 1177 1375 poterit.
1244 1321 1353 1373 Quid
1388 1322 1576 1377 potuerit
1607 1326 1722 1363 recte
1758 1320 1898 1362 dicere
1932 1319 1974 1360 id
2012 1323 2127 1360 certe
2166 1318 2326 1359 consti-

750 1390 814 1431 tui
847 1395 997 1445 potest.
1062 1389 1173 1431 Nihil
1207 1388 1491 1445 reprehendas
1535 1391 1576 1431 in
1616 1389 1859 1431 huiusmodi
1892 1388 2220 1444 compositione:
2254 1386 2323 1429 καὶ

749 1460 946 1512 ἀργυροῦν
978 1459 1051 1509 μὲν
1084 1459 1105 1507 ἢ
1138 1464 1314 1512 χρυσοῦν
1360 1464 1603 1512 περισπῶντι
1642 1458 1836 1510 οὶνοέθημοο
1871 1459 1892 1507 ἢ
1932 1457 2200 1510 δικφθείροντι
2239 1456 2324 1513 [θοί-

749 1544 865 1569 νκτον
895 1529 966 1575 την
1008 1528 1159 1580 ζημίαν
1193 1530 1226 1570 οἱ
1271 1528 1381 1579 νόμοι
1423 1528 1752 1584 προαγορεύουσι]
1802 1527 1867 1570 vel
1919 1527 2006 1583 [τὴν
2046 1525 2233 1578 ἐσχάτην
2263 1542 2321 1568 τι·

747 1597 900 1649 μωρίην
938 1598 971 1639 οἱ
1008 1597 1117 1648 νόμοι
1159 1597 1400 1654 ἐπιτιθέασι]
1451 1598 1515 1640 vel
1554 1599 1642 1655 [τὴν
1684 1597 1870 1651 ἐσχάτην
1908 1599 1942 1639 οἱ
1980 1596 2088 1647 νόμοι
2123 1595 2319 1638 τάττουσι

747 1667 959 1723 τιμωρίαν]
1010 1666 1074 1709 vel
1128 1667 1316 1724 [θάνατον
1363 1669 1396 1709 οἱ
1441 1667 1548 1718 νόμοι
1595 1667 1791 1710 τάττουσι
1824 1667 1896 1715 τὴν
1945 1666 2148 1722 ζη,υ.ίοιν],
2195 1665 2320 1722 (quae

748 1737 890 1777 omnia
933 1735 1081 1777 crebro
1123 1736 1233 1791 apud
1277 1735 1474 1778 Oratores
1517 1738 1558 1778 in
1595 1736 1667 1778 tali
1712 1748 1757 1777 re
1792 1734 2096 1791 usurpantur),
2140 1734 2318 1788 ςέφοινον

747 1807 788 1847 δὲ
821 1805 1080 1852 Ἀπόλλωνος
1113 1829 1170 1836 —
1203 1805 1321 1848 ἄδεικ
1361 1806 1435 1856 μὲν
1467 1806 1753 1855 οΞπ-οδίδοσθκι,
1786 1804 1903 1847 bibax
1941 1805 1981 1847 δὲ
2014 1806 2210 1846 ὠνεῖσθαι.
2273 1804 2319 1846 Si

748 1875 840 1930 quis
883 1875 1102 1916 donarium
1150 1875 1396 1931 surripuerit
1437 1875 1502 1916 vel
1550 1875 1775 1931 corruperit
1821 1874 1972 1929 capital
2018 1881 2103 1924 est,
2152 1874 2317 1930 inquit,

746 1943 952 1999 Apollinis
991 1944 1054 1985 vel
1086 1943 1265 2001 Neptuni
1304 1958 1492 1986 coronam
1527 1944 1693 2001 impune
1738 1944 1939 1994 vendere,
1978 1944 2144 1999 impune
2186 1956 2318 1986 emere

747 2013 853 2054 licet.

817 2082 932 2134 Quae
973 2083 1175 2124 continuo
1219 2083 1435 2126 adduntur
1467 2098 1549 2126 non
1597 2085 1739 2127 minus
1778 2090 1879 2126 sunt
1920 2084 2143 2140 inquinata
2183 2088 2225 2125 et
2257 2083 2316 2124 in-

746 2151 964 2207 terpolata.
1031 2153 1205 2200 Ἠλείοις
1240 2154 1257 2195 ὃ
1289 2155 1438 2201 κότινος
1472 2153 1622 2202 ἄσυλος
1656 2154 1799 2205 μένει,
1847 2155 2017 2210 inquit,
2060 2155 2093 2196 οἱ
2126 2154 2167 2196 δὲ
2195 2151 2316 2195 ἄλλοι

748 2226 824 2263 τῶν
857 2222 1022 2271 ἀγώνων
1054 2219 1167 2274 ὅπερ
1200 2221 1300 2266 ὧδε.
1366 2223 1496 2266 Nihili
1534 2229 1598 2266 est
1628 2221 1724 2277 ὅπερ
1757 2222 1844 2266 ὧδε.
1909 2223 2057 2265 Editor
2094 2222 2318 2266 substituit

747 2291 849 2339 οὔπη
884 2289 955 2332 εἶδε
990 2296 1029 2332 et
1063 2292 1216 2333 vertit:
1268 2293 1326 2334 »il
1358 2293 1450 2335 n'en
1480 2300 1538 2335 est
1575 2308 1653 2350 pas
1679 2293 1787 2335 ainsi
1816 2306 1923 2348 pour
1947 2292 2006 2335 les
2033 2297 2176 2335 autres
2215 2305 2316 2335 con-

746 2360 915 2402 cours.''
949 2374 1129 2415 quorum
1171 2361 1278 2403 nihil
1318 2368 1382 2405 est
1415 2364 1458 2404 in
1499 2363 1698 2413 Graecis,
1743 2362 1815 2405 sed
1859 2362 1959 2418 quid
1998 2374 2199 2418 reponam
2233 2375 2315 2404 non

746 2435 912 2485 exputo.
979 2430 1157 2486 Reliqua
1205 2431 1317 2473 nullo
1362 2433 1530 2488 negotio
1570 2438 1746 2488 possunt
1790 2433 1830 2474 in
1876 2433 2090 2488 integrum
2129 2432 2314 2475 restitui.

746 2499 927 2541 Editur:
962 2497 1001 2541 ἓν
1035 2501 1079 2542 ἐκ
1108 2505 1268 2542 πολλῶν
1301 2503 1461 2554 εἰρήσθω
1494 2518 1585 2553 μοι,
1620 2503 1658 2544 ἐν
1685 2499 1712 2555 ᾧ
1745 2501 1886 2544 ποέντικ
1923 2508 2023 2550 ποεῖς
2057 2503 2170 2545 ἕνίκοι
2203 2502 2315 2544 narba

746 2568 882 2617 ποὲλην
925 2569 1096 2620 ἵσθμικ,
1139 2571 1375 2623 τρισχιλίοις
1419 2572 1473 2614 ἑνὶ
1516 2576 1592 2614 τῶν
1634 2570 1872 2614 οἷντιποέλων
1911 2573 2170 2622 ὁμολογήσας
2218 2572 2315 2624 ὑπὲρ

744 2643 815 2685 τῆς
863 2639 985 2687 νίκης.
1050 2638 1116 2680 Nil
1157 2640 1257 2681 mali
1300 2641 1541 2696 suspicatus
1587 2641 1802 2696 Interpres
1835 2641 1962 2683 vertit
2011 2641 2128 2683 »J'en
2166 2641 2316 2683 citerai

746 2721 801 2749 un
837 2707 1024 2763 exemple
1057 2715 1175 2750 entre
1209 2709 1446 2765 plusieurs:
1493 2710 1554 2753 Un
1589 2724 1744 2766 garoon
1786 2716 2000 2766 reniporta
2033 2725 2109 2752 une
2150 2709 2316 2752 victoire

745 2777 940 2832 complete
973 2777 995 2819 {i
1029 2776 1066 2818 la
1100 2777 1206 2820 lutte
1241 2778 1345 2821 daus
1382 2779 1441 2822 les
1469 2780 1571 2836 jeux
1610 2779 1908 2835 isthmiques.'’
1972 2781 2076 2823 Mire
2108 2780 2170 2822 sio
2206 2778 2314 2835 posi-

744 2853 835 2889 tum
870 2853 933 2889 est
965 2849 1003 2889 ἕν
1036 2844 1090 2900 ᾧ,
1127 2853 1173 2889 ut
1210 2848 1338 2891 vides.
1405 2850 1552 2893 Πάντα
1584 2853 1696 2893 νικᾶν
1730 2849 1798 2891 illo
1831 2863 1957 2892 sensu
1989 2850 2194 2892 Graecum
2224 2861 2316 2890 esse

745 2922 892 2958 notum
926 2922 989 2959 cst
1020 2922 1061 2959 et
1092 2916 1203 2960 haud
1238 2920 1325 2961 scio
1362 2933 1415 2962 an
1457 2919 1559 2962 illud
1592 2920 1647 2962 sit
1679 2918 1940 2962 reddendum
1978 2918 2241 2974 Xenophonti
2270 2917 2314 2959 in

745 2985 925 3029 Anahasi
952 2987 980 3030 I.
1017 3001 1055 3030 x.
1093 2991 1143 3030 5:
1195 2988 1444 3043 ἁρπάζοντες
1487 2992 1537 3039 ὡς
1581 2990 1651 3039 ἤδη
1694 2990 1874 3032 πάντ-οι
1921 2991 2130 3039 νικῶντες,
2180 2992 2226 3030 ut
2271 2986 2314 3029 iu
