<?xml version="1.0" encoding="UTF-8"?>
<!DOCTYPE html PUBLIC "-//W3C//DTD XHTML 1.0 Transitional//EN"
    "http://www.w3.org/TR/xhtml1/DTD/xhtml1-transitional.dtd">
<html xmlns="http://www.w3.org/1999/xhtml" xml:lang="en" lang="en">
 <head>
  <title>
</title>
<meta http-equiv="Content-Type" content="text/html;charset=utf-8" />
  <meta name='ocr-system' content='tesseract 3.04.00' />
  <meta name='ocr-capabilities' content='ocr_page ocr_carea ocr_par ocr_line ocrx_word'/>
</head>
<body>
  <div class='ocr_page' id='page_1' title='image "./dephilostratilib00cobeuoft_0088.png"; bbox 0 0 2316 3491; ppageno 0'>
   <div class='ocr_carea' id='block_1_1' title="bbox 1367 238 1419 276">
    <p class='ocr_par' dir='ltr' id='par_1_1' title="bbox 1367 238 1419 276">
     <span class='ocr_line' id='line_1_1' title="bbox 1367 238 1419 276; baseline -0.019 0"><span class='ocrx_word' id='word_1_1' title='bbox 1367 238 1419 276; x_wconf 76' lang='lat'><em>82</em></span> 
     </span>
    </p>
   </div>
   <div class='ocr_carea' id='block_1_2' title="bbox 593 350 2171 2907">
    <p class='ocr_par' dir='ltr' id='par_1_2' title="bbox 593 350 2171 2907">
     <span class='ocr_line' id='line_1_2' title="bbox 600 350 2167 404; baseline 0 -11"><span class='ocrx_word' id='word_1_2' title='bbox 600 351 807 394; x_wconf 78' lang='lat' dir='ltr'>Pausania</span> <span class='ocrx_word' id='word_1_3' title='bbox 842 351 888 392; x_wconf 92' lang='lat' dir='ltr'><em>V.</em></span> <span class='ocrx_word' id='word_1_4' title='bbox 934 365 1018 394; x_wconf 81' lang='lat' dir='ltr'>xxi.</span> <span class='ocrx_word' id='word_1_5' title='bbox 1056 355 1093 393; x_wconf 87' lang='lat'><em>5.</em></span> <span class='ocrx_word' id='word_1_6' title='bbox 1170 350 1366 395; x_wconf 79' lang='grc' dir='ltr'><em>Εὔπωλος</em></span> <span class='ocrx_word' id='word_1_7' title='bbox 1418 350 1434 390; x_wconf 77' lang='grc' dir='ltr'><em>ὁ</em></span> <span class='ocrx_word' id='word_1_8' title='bbox 1484 351 1694 397; x_wconf 67' lang='grc' dir='ltr'><em>Θεσσαλὸς</em></span> <span class='ocrx_word' id='word_1_9' title='bbox 1730 351 1928 402; x_wconf 77' lang='grc' dir='ltr'><em>χρήμασι</em></span> <span class='ocrx_word' id='word_1_10' title='bbox 1975 350 2167 404; x_wconf 76' lang='grc' dir='ltr'><em>διέφθειρε</em></span> 
     </span>
     <span class='ocr_line' id='line_1_3' title="bbox 600 417 2165 477; baseline -0.001 -14"><span class='ocrx_word' id='word_1_11' title='bbox 600 422 690 467; x_wconf 81' lang='grc' dir='ltr'><em>τοὺς</em></span> <span class='ocrx_word' id='word_1_12' title='bbox 725 422 913 467; x_wconf 79' lang='grc' dir='ltr'><em>ἐλθόντας</em></span> <span class='ocrx_word' id='word_1_13' title='bbox 950 418 1239 477; x_wconf 70' lang='grc' dir='ltr'>(εἰσελθόντας)</span> <span class='ocrx_word' id='word_1_14' title='bbox 1273 423 1350 461; x_wconf 78' lang='grc' dir='ltr'><em>τῶν</em></span> <span class='ocrx_word' id='word_1_15' title='bbox 1381 424 1555 461; x_wconf 84' lang='grc' dir='ltr'><em>πυκτῶν.</em></span> <span class='ocrx_word' id='word_1_16' title='bbox 1621 417 1776 461; x_wconf 85' lang='lat' dir='ltr'>Eodem</span> <span class='ocrx_word' id='word_1_17' title='bbox 1807 423 1914 461; x_wconf 81' lang='lat' dir='ltr'>teste</span> <span class='ocrx_word' id='word_1_18' title='bbox 1940 419 1988 464; x_wconf 91' lang='lat' dir='ltr'><em>V.</em></span> <span class='ocrx_word' id='word_1_19' title='bbox 2017 433 2097 461; x_wconf 78' lang='lat' dir='ltr'>xxi.</span> <span class='ocrx_word' id='word_1_20' title='bbox 2128 424 2165 463; x_wconf 78' lang='lat'><em>5.</em></span> 
     </span>
     <span class='ocr_line' id='line_1_4' title="bbox 599 487 2169 546; baseline 0 -15"><span class='ocrx_word' id='word_1_21' title='bbox 599 493 764 531; x_wconf 87' lang='lat' dir='ltr'>constat</span> <span class='ocrx_word' id='word_1_22' title='bbox 808 487 1056 546; x_wconf 80' lang='lat' dir='ltr'><strong>Olympiade</strong></span> <span class='ocrx_word' id='word_1_23' title='bbox 1088 489 1211 531; x_wconf 89' lang='lat' dir='ltr'>CXII.</span> <span class='ocrx_word' id='word_1_24' title='bbox 1247 489 1455 536; x_wconf 68' lang='grc' dir='ltr'><em>Ἀθηναῖον</em></span> <span class='ocrx_word' id='word_1_25' title='bbox 1502 487 1748 530; x_wconf 89' lang='grc' dir='ltr'><em>Κάλλιππον</em></span> <span class='ocrx_word' id='word_1_26' title='bbox 1792 488 2032 537; x_wconf 79' lang='grc' dir='ltr'><em>άθλήσαντα</em></span> <span class='ocrx_word' id='word_1_27' title='bbox 2078 491 2169 532; x_wconf 86' lang='grc' dir='ltr'><em>πέν-</em></span> 
     </span>
     <span class='ocr_line' id='line_1_5' title="bbox 598 545 2168 610; baseline 0.001 -11"><span class='ocrx_word' id='word_1_28' title='bbox 598 559 744 599; x_wconf 85' lang='grc' dir='ltr'><em>ταθλον</em></span> <span class='ocrx_word' id='word_1_29' title='bbox 774 557 1048 609; x_wconf 73' lang='grc' dir='ltr'><em>ἐξωνήσασθαι</em></span> <span class='ocrx_word' id='word_1_30' title='bbox 1082 559 1173 604; x_wconf 83' lang='grc' dir='ltr'><em>τοὺς</em></span> <span class='ocrx_word' id='word_1_31' title='bbox 1209 557 1606 609; x_wconf 64' lang='grc' dir='ltr'><em>ἀνταγωνιουμένους</em></span> <span class='ocrx_word' id='word_1_32' title='bbox 1639 558 1865 610; x_wconf 81' lang='grc' dir='ltr'><em>χρήμασιν.</em></span> <span class='ocrx_word' id='word_1_33' title='bbox 1932 545 2090 600; x_wconf 70' lang='lat' dir='ltr'>Simile</span> <span class='ocrx_word' id='word_1_34' title='bbox 2112 557 2168 600; x_wconf 84' lang='lat' dir='ltr'>sa·</span> 
     </span>
     <span class='ocr_line' id='line_1_6' title="bbox 599 626 2167 685; baseline 0.001 -17"><span class='ocrx_word' id='word_1_35' title='bbox 599 627 721 669; x_wconf 81' lang='lat' dir='ltr'>cinus</span> <span class='ocrx_word' id='word_1_36' title='bbox 748 628 893 680; x_wconf 76' lang='grc' dir='ltr'><em>άνδρῶν</em></span> <span class='ocrx_word' id='word_1_37' title='bbox 922 629 987 670; x_wconf 78' lang='grc' dir='ltr'><em>ἐπὶ</em></span> <span class='ocrx_word' id='word_1_38' title='bbox 1012 629 1140 682; x_wconf 80' lang='grc' dir='ltr'><em>δώροις</em></span> <span class='ocrx_word' id='word_1_39' title='bbox 1173 627 1466 670; x_wconf 68' lang='grc' dir='ltr'><em>παλαισάντων</em></span> <span class='ocrx_word' id='word_1_40' title='bbox 1501 626 1749 685; x_wconf 81' lang='lat' dir='ltr'>Olympiade</span> <span class='ocrx_word' id='word_1_41' title='bbox 1771 626 2023 669; x_wconf 85' lang='lat' dir='ltr'>CLXXVIII.</span> <span class='ocrx_word' id='word_1_42' title='bbox 2057 640 2167 669; x_wconf 89' lang='lat' dir='ltr'>eom-</span> 
     </span>
     <span class='ocr_line' id='line_1_7' title="bbox 599 696 2168 752; baseline 0.001 -15"><span class='ocrx_word' id='word_1_43' title='bbox 599 697 779 738; x_wconf 87' lang='lat' dir='ltr'>missum</span> <span class='ocrx_word' id='word_1_44' title='bbox 813 705 960 740; x_wconf 83' lang='lat' dir='ltr'>narrat</span> <span class='ocrx_word' id='word_1_45' title='bbox 990 698 1100 741; x_wconf 87' lang='lat' dir='ltr'>idem</span> <span class='ocrx_word' id='word_1_46' title='bbox 1133 698 1181 739; x_wconf 88' lang='lat' dir='ltr'><em>V.</em></span> <span class='ocrx_word' id='word_1_47' title='bbox 1216 710 1301 739; x_wconf 82' lang='lat' dir='ltr'>xxi.</span> <span class='ocrx_word' id='word_1_48' title='bbox 1338 700 1378 740; x_wconf 87' lang='grc'><em>8.</em></span> <span class='ocrx_word' id='word_1_49' title='bbox 1445 696 1630 740; x_wconf 84' lang='lat' dir='ltr'>Adriano</span> <span class='ocrx_word' id='word_1_50' title='bbox 1663 697 1899 752; x_wconf 82' lang='lat' dir='ltr'><strong>imperante</strong></span> <span class='ocrx_word' id='word_1_51' title='bbox 1933 697 2026 738; x_wconf 91' lang='lat' dir='ltr'>vivo</span> <span class='ocrx_word' id='word_1_52' title='bbox 2058 697 2168 739; x_wconf 86' lang='lat' dir='ltr'>Pau-</span> 
     </span>
     <span class='ocr_line' id='line_1_8' title="bbox 599 765 2170 822; baseline 0.001 -16"><span class='ocrx_word' id='word_1_53' title='bbox 599 766 717 807; x_wconf 85' lang='lat' dir='ltr'>sania</span> <span class='ocrx_word' id='word_1_54' title='bbox 753 765 909 808; x_wconf 80' lang='lat' dir='ltr'>accidit</span> <span class='ocrx_word' id='word_1_55' title='bbox 940 766 1050 822; x_wconf 85' lang='lat' dir='ltr'>quod</span> <span class='ocrx_word' id='word_1_56' title='bbox 1093 772 1397 809; x_wconf 76' lang='lat' dir='ltr'>commemorat</span> <span class='ocrx_word' id='word_1_57' title='bbox 1429 766 1477 808; x_wconf 92' lang='lat' dir='ltr'><em>V.</em></span> <span class='ocrx_word' id='word_1_58' title='bbox 1513 780 1595 808; x_wconf 79' lang='lat' dir='ltr'>xxi.</span> <span class='ocrx_word' id='word_1_59' title='bbox 1633 768 1710 808; x_wconf 86' lang='lat'><em>18:</em></span> <span class='ocrx_word' id='word_1_60' title='bbox 1755 765 1851 819; x_wconf 65' lang='grc' dir='ltr'><em>ἕκτῃ</em></span> <span class='ocrx_word' id='word_1_61' title='bbox 1882 766 1948 807; x_wconf 81' lang='grc' dir='ltr'><em>ἐπὶ</em></span> <span class='ocrx_word' id='word_1_62' title='bbox 1981 772 2074 813; x_wconf 84' lang='grc' dir='ltr'><em>ταῖς</em></span> <span class='ocrx_word' id='word_1_63' title='bbox 2116 766 2170 807; x_wconf 82' lang='grc' dir='ltr'><em>εἵ-</em></span> 
     </span>
     <span class='ocr_line' id='line_1_9' title="bbox 597 835 2168 889; baseline 0.001 -13"><span class='ocrx_word' id='word_1_64' title='bbox 597 850 681 877; x_wconf 93' lang='grc' dir='ltr'><em>κοσι</em></span> <span class='ocrx_word' id='word_1_65' title='bbox 716 835 784 876; x_wconf 76' lang='grc' dir='ltr'><em>καὶ</em></span> <span class='ocrx_word' id='word_1_66' title='bbox 815 836 1036 882; x_wconf 77' lang='grc' dir='ltr'><em>διακοσίαις</em></span> <span class='ocrx_word' id='word_1_67' title='bbox 1068 835 1326 887; x_wconf 86' lang='grc' dir='ltr'><em>Ὀλυμπιάδι</em></span> <span class='ocrx_word' id='word_1_68' title='bbox 1360 835 1520 883; x_wconf 84' lang='grc' dir='ltr'><em>πύκτας</em></span> <span class='ocrx_word' id='word_1_69' title='bbox 1553 835 1698 887; x_wconf 74' lang='grc' dir='ltr'><em>ἄνδρας</em></span> <span class='ocrx_word' id='word_1_70' title='bbox 1733 835 1829 887; x_wconf 83' lang='grc' dir='ltr'><em>ὑπὲρ</em></span> <span class='ocrx_word' id='word_1_71' title='bbox 1867 837 1994 882; x_wconf 71' lang='grc' dir='ltr'><em>αὐτῆς</em></span> <span class='ocrx_word' id='word_1_72' title='bbox 2028 851 2168 889; x_wconf 82' lang='grc' dir='ltr'><em>μαχο-</em></span> 
     </span>
     <span class='ocr_line' id='line_1_10' title="bbox 599 904 2168 958; baseline 0.001 -12"><span class='ocrx_word' id='word_1_73' title='bbox 599 904 740 955; x_wconf 79' lang='grc' dir='ltr'><em>μένους</em></span> <span class='ocrx_word' id='word_1_74' title='bbox 785 910 857 953; x_wconf 69' lang='grc' dir='ltr'><em>τῆς</em></span> <span class='ocrx_word' id='word_1_75' title='bbox 905 905 1013 953; x_wconf 74' lang='grc' dir='ltr'><em>νίκης</em></span> <span class='ocrx_word' id='word_1_76' title='bbox 1059 905 1276 958; x_wconf 72' lang='grc' dir='ltr'><em>ἐφώρασαν</em></span> <span class='ocrx_word' id='word_1_77' title='bbox 1322 905 1579 955; x_wconf 76' lang='grc' dir='ltr'><em>συνθεμένους</em></span> <span class='ocrx_word' id='word_1_78' title='bbox 1625 904 1720 956; x_wconf 77' lang='grc' dir='ltr'><em>ὑπὲρ</em></span> <span class='ocrx_word' id='word_1_79' title='bbox 1764 905 2000 955; x_wconf 75' lang='grc' dir='ltr'><em>λήμματος.</em></span> <span class='ocrx_word' id='word_1_80' title='bbox 2077 905 2168 947; x_wconf 90' lang='lat' dir='ltr'><em>Duo</em></span> 
     </span>
     <span class='ocr_line' id='line_1_11' title="bbox 597 971 2168 1030; baseline 0 -15"><span class='ocrx_word' id='word_1_81' title='bbox 597 979 720 1016; x_wconf 87' lang='lat' dir='ltr'>erant</span> <span class='ocrx_word' id='word_1_82' title='bbox 753 974 978 1030; x_wconf 71' lang='lat' dir='ltr'>Aegyptii,</span> <span class='ocrx_word' id='word_1_83' title='bbox 1027 973 1154 1016; x_wconf 83' lang='lat' dir='ltr'>Didas</span> <span class='ocrx_word' id='word_1_84' title='bbox 1183 978 1224 1015; x_wconf 92' lang='lat' dir='ltr'>et</span> <span class='ocrx_word' id='word_1_85' title='bbox 1253 973 1588 1028; x_wconf 85' lang='lat' dir='ltr'>Garapammon,</span> <span class='ocrx_word' id='word_1_86' title='bbox 1620 971 1842 1014; x_wconf 85' lang='lat' dir='ltr'>subdolum</span> <span class='ocrx_word' id='word_1_87' title='bbox 1880 986 1929 1014; x_wconf 87' lang='lat' dir='ltr'>ae</span> <span class='ocrx_word' id='word_1_88' title='bbox 1958 972 2168 1028; x_wconf 78' lang='lat' dir='ltr'>pertidum</span> 
     </span>
     <span class='ocr_line' id='line_1_12' title="bbox 598 1042 2170 1099; baseline 0 -14"><span class='ocrx_word' id='word_1_89' title='bbox 598 1043 820 1085; x_wconf 89' lang='lat' dir='ltr'>hominum</span> <span class='ocrx_word' id='word_1_90' title='bbox 851 1056 1011 1097; x_wconf 84' lang='lat' dir='ltr'>genus;</span> <span class='ocrx_word' id='word_1_91' title='bbox 1045 1043 1117 1085; x_wconf 87' lang='lat' dir='ltr'><em>sed</em></span> <span class='ocrx_word' id='word_1_92' title='bbox 1151 1044 1264 1099; x_wconf 89' lang='lat' dir='ltr'>ipsos</span> <span class='ocrx_word' id='word_1_93' title='bbox 1299 1042 1519 1086; x_wconf 88' lang='lat' dir='ltr'>Elidenses</span> <span class='ocrx_word' id='word_1_94' title='bbox 1548 1042 1659 1084; x_wconf 92' lang='lat' dir='ltr'>Iovis</span> <span class='ocrx_word' id='word_1_95' title='bbox 1699 1055 1856 1084; x_wconf 89' lang='lat' dir='ltr'>numen</span> <span class='ocrx_word' id='word_1_96' title='bbox 1894 1042 1968 1083; x_wconf 85' lang='lat' dir='ltr'>tali</span> <span class='ocrx_word' id='word_1_97' title='bbox 2012 1042 2170 1085; x_wconf 86' lang='lat' dir='ltr'>scelere</span> 
     </span>
     <span class='ocr_line' id='line_1_13' title="bbox 597 1111 2169 1168; baseline 0.001 -14"><span class='ocrx_word' id='word_1_98' title='bbox 597 1112 775 1155; x_wconf 88' lang='lat' dir='ltr'>violasse</span> <span class='ocrx_word' id='word_1_99' title='bbox 819 1112 1166 1168; x_wconf 83' lang='lat' dir='ltr'>indignabundus</span> <span class='ocrx_word' id='word_1_100' title='bbox 1209 1112 1359 1155; x_wconf 75' lang='lat' dir='ltr'><strong>scribit</strong></span> <span class='ocrx_word' id='word_1_101' title='bbox 1412 1112 1644 1155; x_wconf 82' lang='lat' dir='ltr'>Pausanias</span> <span class='ocrx_word' id='word_1_102' title='bbox 1682 1111 1730 1152; x_wconf 91' lang='lat' dir='ltr'><em>V.</em></span> <span class='ocrx_word' id='word_1_103' title='bbox 1775 1125 1859 1154; x_wconf 80' lang='lat' dir='ltr'>xxi.</span> <span class='ocrx_word' id='word_1_104' title='bbox 1905 1115 1984 1154; x_wconf 84' lang='lat'><em>16:</em></span> <span class='ocrx_word' id='word_1_105' title='bbox 2029 1114 2169 1163; x_wconf 82' lang='grc' dir='ltr'><em>θαῦμα</em></span> 
     </span>
     <span class='ocr_line' id='line_1_14' title="bbox 597 1181 2168 1236; baseline -0.001 -11"><span class='ocrx_word' id='word_1_106' title='bbox 597 1184 672 1234; x_wconf 76' lang='grc' dir='ltr'><em>μὲν</em></span> <span class='ocrx_word' id='word_1_107' title='bbox 703 1184 747 1232; x_wconf 69' lang='grc' dir='ltr'><em>δή</em></span> <span class='ocrx_word' id='word_1_108' title='bbox 780 1183 847 1225; x_wconf 78' lang='grc' dir='ltr'><em>καὶ</em></span> <span class='ocrx_word' id='word_1_109' title='bbox 880 1182 1033 1231; x_wconf 66' lang='grc' dir='ltr'><em>ἄλλους</em></span> <span class='ocrx_word' id='word_1_110' title='bbox 1064 1185 1103 1225; x_wconf 80' lang='grc' dir='ltr'><em>ἐν</em></span> <span class='ocrx_word' id='word_1_111' title='bbox 1137 1183 1288 1230; x_wconf 81' lang='grc' dir='ltr'><em>οὐδενὸς</em></span> <span class='ocrx_word' id='word_1_112' title='bbox 1321 1182 1433 1236; x_wconf 79' lang='grc' dir='ltr'><em>λόγῳ</em></span> <span class='ocrx_word' id='word_1_113' title='bbox 1474 1184 1541 1225; x_wconf 77' lang='grc' dir='ltr'><em>τὸν</em></span> <span class='ocrx_word' id='word_1_114' title='bbox 1569 1182 1650 1224; x_wconf 79' lang='grc' dir='ltr'><em>θεὸν</em></span> <span class='ocrx_word' id='word_1_115' title='bbox 1685 1181 1817 1224; x_wconf 83' lang='grc' dir='ltr'><em>θέσθαι</em></span> <span class='ocrx_word' id='word_1_116' title='bbox 1850 1181 1917 1224; x_wconf 78' lang='grc' dir='ltr'><em>τὸν</em></span> <span class='ocrx_word' id='word_1_117' title='bbox 1945 1182 1984 1223; x_wconf 86' lang='grc' dir='ltr'><em>ἐν</em></span> <span class='ocrx_word' id='word_1_118' title='bbox 2010 1185 2168 1233; x_wconf 83' lang='grc' dir='ltr'><em>Ὀλυμ-</em></span> 
     </span>
     <span class='ocr_line' id='line_1_15' title="bbox 596 1251 2169 1307; baseline -0.001 -12"><span class='ocrx_word' id='word_1_119' title='bbox 596 1254 674 1307; x_wconf 77' lang='grc' dir='ltr'><em>πία</em></span> <span class='ocrx_word' id='word_1_120' title='bbox 707 1252 774 1295; x_wconf 72' lang='grc' dir='ltr'><em>καὶ</em></span> <span class='ocrx_word' id='word_1_121' title='bbox 804 1251 998 1302; x_wconf 73' lang='grc' dir='ltr'><em>δέξασθαί</em></span> <span class='ocrx_word' id='word_1_122' title='bbox 1038 1269 1128 1295; x_wconf 84' lang='grc' dir='ltr'><em>τινα</em></span> <span class='ocrx_word' id='word_1_123' title='bbox 1162 1253 1184 1302; x_wconf 72' lang='grc' dir='ltr'>ἢ</span> <span class='ocrx_word' id='word_1_124' title='bbox 1228 1254 1358 1295; x_wconf 77' lang='grc' dir='ltr'><em>δοῦναι</em></span> <span class='ocrx_word' id='word_1_125' title='bbox 1399 1253 1500 1305; x_wconf 81' lang='grc' dir='ltr'><em>δῶρα</em></span> <span class='ocrx_word' id='word_1_126' title='bbox 1538 1251 1604 1293; x_wconf 72' lang='grc' dir='ltr'><em>ἐπὶ</em></span> <span class='ocrx_word' id='word_1_127' title='bbox 1636 1252 1689 1304; x_wconf 78' lang='grc' dir='ltr'><em>τῷ</em></span> <span class='ocrx_word' id='word_1_128' title='bbox 1724 1252 1876 1302; x_wconf 71' lang='grc' dir='ltr'><em>άγῶνι·</em></span> <span class='ocrx_word' id='word_1_129' title='bbox 1922 1252 2098 1305; x_wconf 82' lang='grc' dir='ltr'><em>μείζονος</em></span> <span class='ocrx_word' id='word_1_130' title='bbox 2128 1253 2169 1294; x_wconf 83' lang='grc' dir='ltr'><em>δὲ</em></span> 
     </span>
     <span class='ocr_line' id='line_1_16' title="bbox 597 1321 2168 1373; baseline -0.001 -9"><span class='ocrx_word' id='word_1_131' title='bbox 597 1322 656 1365; x_wconf 78' lang='grc' dir='ltr'><em>ἔτι</em></span> <span class='ocrx_word' id='word_1_132' title='bbox 690 1323 898 1373; x_wconf 78' lang='grc' dir='ltr'><em>θαύματος</em></span> <span class='ocrx_word' id='word_1_133' title='bbox 933 1322 970 1364; x_wconf 73' lang='grc' dir='ltr'><em>εἴ</em></span> <span class='ocrx_word' id='word_1_134' title='bbox 998 1339 1049 1373; x_wconf 72' lang='grc' dir='ltr'><em>γε</em></span> <span class='ocrx_word' id='word_1_135' title='bbox 1083 1323 1150 1365; x_wconf 79' lang='grc' dir='ltr'><em>καὶ</em></span> <span class='ocrx_word' id='word_1_136' title='bbox 1194 1324 1326 1365; x_wconf 77' lang='grc' dir='ltr'><em>αὐτῶν</em></span> <span class='ocrx_word' id='word_1_137' title='bbox 1371 1322 1595 1373; x_wconf 68' lang='grc' dir='ltr'><em>ἐτόλμησεν</em></span> <span class='ocrx_word' id='word_1_138' title='bbox 1639 1321 1708 1370; x_wconf 72' lang='grc' dir='ltr'><em>ἤδη</em></span> <span class='ocrx_word' id='word_1_139' title='bbox 1743 1337 1804 1368; x_wconf 80' lang='grc' dir='ltr'><em>τις</em></span> <span class='ocrx_word' id='word_1_140' title='bbox 1847 1321 2028 1363; x_wconf 82' lang='grc' dir='ltr'><em>Ἠλείων.</em></span> <span class='ocrx_word' id='word_1_141' title='bbox 2094 1322 2168 1363; x_wconf 88' lang='lat' dir='ltr'><em>De-</em></span> 
     </span>
     <span class='ocr_line' id='line_1_17' title="bbox 596 1389 2169 1448; baseline 0 -16"><span class='ocrx_word' id='word_1_142' title='bbox 596 1390 694 1433; x_wconf 85' lang='lat' dir='ltr'><em>inde</em></span> <span class='ocrx_word' id='word_1_143' title='bbox 743 1397 887 1433; x_wconf 89' lang='lat' dir='ltr'>narrat</span> <span class='ocrx_word' id='word_1_144' title='bbox 938 1390 1186 1448; x_wconf 78' lang='lat' dir='ltr'>Olympiade</span> <span class='ocrx_word' id='word_1_145' title='bbox 1225 1391 1399 1433; x_wconf 87' lang='lat' dir='ltr'>CXCIII.</span> <span class='ocrx_word' id='word_1_146' title='bbox 1476 1390 1754 1433; x_wconf 84' lang='lat' dir='ltr'>Damonicum</span> <span class='ocrx_word' id='word_1_147' title='bbox 1802 1389 2044 1433; x_wconf 88' lang='lat' dir='ltr'>Elidensem</span> <span class='ocrx_word' id='word_1_148' title='bbox 2095 1390 2169 1432; x_wconf 87' lang='lat' dir='ltr'>[ilii</span> 
     </span>
     <span class='ocr_line' id='line_1_18' title="bbox 596 1458 2169 1516; baseline -0.001 -13"><span class='ocrx_word' id='word_1_149' title='bbox 596 1460 887 1503; x_wconf 85' lang='lat' dir='ltr'>adversarium</span> <span class='ocrx_word' id='word_1_150' title='bbox 914 1459 1138 1515; x_wconf 79' lang='lat' dir='ltr'>largitione</span> <span class='ocrx_word' id='word_1_151' title='bbox 1171 1461 1425 1516; x_wconf 79' lang='lat' dir='ltr'>corrupisse.</span> <span class='ocrx_word' id='word_1_152' title='bbox 1492 1458 1561 1502; x_wconf 78' lang='lat' dir='ltr'>Sic</span> <span class='ocrx_word' id='word_1_153' title='bbox 1596 1460 1730 1514; x_wconf 84' lang='lat' dir='ltr'>igitur</span> <span class='ocrx_word' id='word_1_154' title='bbox 1761 1460 1934 1507; x_wconf 87' lang='grc' dir='ltr'><em>Ἠλείοις</em></span> <span class='ocrx_word' id='word_1_155' title='bbox 1969 1461 1986 1501; x_wconf 80' lang='grc' dir='ltr'><em>ὁ</em></span> <span class='ocrx_word' id='word_1_156' title='bbox 2019 1460 2169 1508; x_wconf 84' lang='grc' dir='ltr'><em>κότινος</em></span> 
     </span>
     <span class='ocr_line' id='line_1_19' title="bbox 595 1528 2170 1585; baseline 0.001 -14"><span class='ocrx_word' id='word_1_157' title='bbox 595 1529 744 1576; x_wconf 80' lang='grc' dir='ltr'><em>άσυλος</em></span> <span class='ocrx_word' id='word_1_158' title='bbox 793 1528 909 1580; x_wconf 79' lang='grc' dir='ltr'><em>ἔμενε</em></span> <span class='ocrx_word' id='word_1_159' title='bbox 953 1528 1129 1571; x_wconf 87' lang='lat' dir='ltr'>scilicet.</span> <span class='ocrx_word' id='word_1_160' title='bbox 1208 1529 1287 1572; x_wconf 89' lang='lat' dir='ltr'><em>Sed</em></span> <span class='ocrx_word' id='word_1_161' title='bbox 1336 1529 1432 1585; x_wconf 87' lang='lat' dir='ltr'>quis</span> <span class='ocrx_word' id='word_1_162' title='bbox 1476 1528 1704 1571; x_wconf 87' lang='lat' dir='ltr'>mirabitur</span> <span class='ocrx_word' id='word_1_163' title='bbox 1751 1528 1834 1571; x_wconf 90' lang='lat' dir='ltr'>illis</span> <span class='ocrx_word' id='word_1_164' title='bbox 1878 1529 2170 1585; x_wconf 80' lang='lat' dir='ltr'>temporibus,</span> 
     </span>
     <span class='ocr_line' id='line_1_20' title="bbox 595 1598 2170 1654; baseline 0.001 -13"><span class='ocrx_word' id='word_1_165' title='bbox 595 1599 678 1641; x_wconf 87' lang='lat' dir='ltr'>illis</span> <span class='ocrx_word' id='word_1_166' title='bbox 726 1598 915 1641; x_wconf 86' lang='lat' dir='ltr'>moribus</span> <span class='ocrx_word' id='word_1_167' title='bbox 954 1612 1086 1654; x_wconf 88' lang='lat' dir='ltr'>quum</span> <span class='ocrx_word' id='word_1_168' title='bbox 1133 1600 1272 1641; x_wconf 84' lang='lat' dir='ltr'>omnia</span> <span class='ocrx_word' id='word_1_169' title='bbox 1317 1605 1358 1641; x_wconf 87' lang='lat' dir='ltr'>et</span> <span class='ocrx_word' id='word_1_170' title='bbox 1408 1611 1553 1640; x_wconf 89' lang='lat' dir='ltr'>omnes</span> <span class='ocrx_word' id='word_1_171' title='bbox 1609 1598 1764 1654; x_wconf 88' lang='lat' dir='ltr'>ubique</span> <span class='ocrx_word' id='word_1_172' title='bbox 1813 1598 1978 1641; x_wconf 74' lang='lat' dir='ltr'>venales</span> <span class='ocrx_word' id='word_1_173' title='bbox 2031 1605 2170 1642; x_wconf 85' lang='lat' dir='ltr'>essent</span> 
     </span>
     <span class='ocr_line' id='line_1_21' title="bbox 596 1667 2169 1726; baseline 0 -15"><span class='ocrx_word' id='word_1_174' title='bbox 596 1667 816 1726; x_wconf 82' lang='lat' dir='ltr'>Olympiae</span> <span class='ocrx_word' id='word_1_175' title='bbox 850 1681 1015 1724; x_wconf 83' lang='lat' dir='ltr'>quoque</span> <span class='ocrx_word' id='word_1_176' title='bbox 1055 1669 1145 1716; x_wconf 73' lang='grc' dir='ltr'><em>τοὺς</em></span> <span class='ocrx_word' id='word_1_177' title='bbox 1174 1670 1249 1720; x_wconf 78' lang='grc' dir='ltr'><em>μὲν</em></span> <span class='ocrx_word' id='word_1_178' title='bbox 1286 1669 1544 1711; x_wconf 69' lang='grc' dir='ltr'><em>ἀποδίδοσθαι</em></span> <span class='ocrx_word' id='word_1_179' title='bbox 1588 1670 1659 1717; x_wconf 69' lang='grc' dir='ltr'><em>τήν</em></span> <span class='ocrx_word' id='word_1_180' title='bbox 1695 1669 1825 1710; x_wconf 69' lang='grc' dir='ltr'><em>αὐτῶν</em></span> <span class='ocrx_word' id='word_1_181' title='bbox 1870 1667 2059 1710; x_wconf 65' lang='grc' dir='ltr'><em>εὔκλειαν</em></span> <span class='ocrx_word' id='word_1_182' title='bbox 2103 1669 2169 1711; x_wconf 75' lang='grc' dir='ltr'><em>δια</em></span> 
     </span>
     <span class='ocr_line' id='line_1_22' title="bbox 595 1736 2168 1790; baseline -0.001 -9"><span class='ocrx_word' id='word_1_183' title='bbox 595 1740 640 1781; x_wconf 79' lang='grc' dir='ltr'><em>τὸ</em></span> <span class='ocrx_word' id='word_1_184' title='bbox 673 1742 834 1781; x_wconf 83' lang='grc' dir='ltr'><em>πολλῶν</em></span> <span class='ocrx_word' id='word_1_185' title='bbox 877 1739 1054 1787; x_wconf 83' lang='grc' dir='ltr'><em>δεῖσθαι,</em></span> <span class='ocrx_word' id='word_1_186' title='bbox 1099 1738 1191 1786; x_wconf 78' lang='grc' dir='ltr'><em>τοὺς</em></span> <span class='ocrx_word' id='word_1_187' title='bbox 1232 1739 1273 1781; x_wconf 78' lang='grc' dir='ltr'><em>δὲ</em></span> <span class='ocrx_word' id='word_1_188' title='bbox 1308 1739 1486 1780; x_wconf 50' lang='grc' dir='ltr'><em>,οἰ-νεῖσθαι</em></span> <span class='ocrx_word' id='word_1_189' title='bbox 1517 1738 1561 1779; x_wconf 75' lang='grc' dir='ltr'><em>τὸ</em></span> <span class='ocrx_word' id='word_1_190' title='bbox 1602 1738 1659 1788; x_wconf 63' lang='grc' dir='ltr'><em>μὴ</em></span> <span class='ocrx_word' id='word_1_191' title='bbox 1697 1736 1768 1786; x_wconf 74' lang='grc' dir='ltr'><em>ξὺν</em></span> <span class='ocrx_word' id='word_1_192' title='bbox 1808 1737 1911 1790; x_wconf 80' lang='grc' dir='ltr'><em>πόνῳ</em></span> <span class='ocrx_word' id='word_1_193' title='bbox 1952 1741 2064 1780; x_wconf 72' lang='grc' dir='ltr'><em>νικαῖν</em></span> <span class='ocrx_word' id='word_1_194' title='bbox 2103 1739 2168 1781; x_wconf 73' lang='grc' dir='ltr'><em>διά</em></span> 
     </span>
     <span class='ocr_line' id='line_1_23' title="bbox 595 1807 2168 1863; baseline -0.001 -12"><span class='ocrx_word' id='word_1_195' title='bbox 595 1809 640 1851; x_wconf 80' lang='grc' dir='ltr'><em>τὸ</em></span> <span class='ocrx_word' id='word_1_196' title='bbox 675 1809 809 1861; x_wconf 79' lang='grc' dir='ltr'><em>άβρῶς</em></span> <span class='ocrx_word' id='word_1_197' title='bbox 845 1808 1106 1857; x_wconf 65' lang='grc' dir='ltr'><em>διαιτᾶσθαι,</em></span> <span class='ocrx_word' id='word_1_198' title='bbox 1152 1813 1198 1850; x_wconf 88' lang='lat' dir='ltr'>ut</span> <span class='ocrx_word' id='word_1_199' title='bbox 1233 1807 1516 1850; x_wconf 79' lang='lat' dir='ltr'>Philostratus</span> <span class='ocrx_word' id='word_1_200' title='bbox 1557 1807 1747 1862; x_wconf 85' lang='lat' dir='ltr'>loquitur</span> <span class='ocrx_word' id='word_1_201' title='bbox 1789 1820 1828 1862; x_wconf 89' lang='lat' dir='ltr'><em>p.</em></span> <span class='ocrx_word' id='word_1_202' title='bbox 1865 1810 1932 1849; x_wconf 89' lang='grc'><em>76.</em></span> <span class='ocrx_word' id='word_1_203' title='bbox 1969 1811 2007 1849; x_wconf 85' lang='grc'><em>8.</em></span> <span class='ocrx_word' id='word_1_204' title='bbox 2053 1821 2168 1863; x_wconf 85' lang='lat' dir='ltr'>prae-</span> 
     </span>
     <span class='ocr_line' id='line_1_24' title="bbox 597 1875 2170 1933; baseline 0.001 -14"><span class='ocrx_word' id='word_1_205' title='bbox 597 1878 742 1920; x_wconf 88' lang='lat' dir='ltr'>sertim</span> <span class='ocrx_word' id='word_1_206' title='bbox 789 1890 921 1932; x_wconf 85' lang='lat' dir='ltr'>quum</span> <span class='ocrx_word' id='word_1_207' title='bbox 972 1881 1223 1933; x_wconf 81' lang='lat' dir='ltr'>gymnastae</span> <span class='ocrx_word' id='word_1_208' title='bbox 1269 1883 1342 1926; x_wconf 70' lang='grc' dir='ltr'><em>τῆς</em></span> <span class='ocrx_word' id='word_1_209' title='bbox 1386 1880 1463 1918; x_wconf 81' lang='grc' dir='ltr'><em>τῶν</em></span> <span class='ocrx_word' id='word_1_210' title='bbox 1505 1877 1688 1924; x_wconf 78' lang='grc' dir='ltr'><em>άθλήτῶν</em></span> <span class='ocrx_word' id='word_1_211' title='bbox 1736 1875 1851 1925; x_wconf 60' lang='grc' dir='ltr'><em>δόξης</em></span> <span class='ocrx_word' id='word_1_212' title='bbox 1903 1877 2170 1931; x_wconf 71' lang='grc' dir='ltr'><em>ἕπε-τρέφοντο</em></span> 
     </span>
     <span class='ocr_line' id='line_1_25' title="bbox 596 1945 2171 2000; baseline -0.001 -10"><span class='ocrx_word' id='word_1_213' title='bbox 596 1947 728 1997; x_wconf 76' lang='grc' dir='ltr'><em>οὐδέν,</em></span> <span class='ocrx_word' id='word_1_214' title='bbox 760 1950 828 1988; x_wconf 80' lang='grc' dir='ltr'><em>τοῦ</em></span> <span class='ocrx_word' id='word_1_215' title='bbox 863 1947 904 1989; x_wconf 80' lang='grc' dir='ltr'><em>δὲ</em></span> <span class='ocrx_word' id='word_1_216' title='bbox 933 1952 1082 1989; x_wconf 86' lang='grc' dir='ltr'><em>πωλεῖν</em></span> <span class='ocrx_word' id='word_1_217' title='bbox 1116 1947 1184 1989; x_wconf 78' lang='grc' dir='ltr'><em>καὶ</em></span> <span class='ocrx_word' id='word_1_218' title='bbox 1219 1947 1400 1989; x_wconf 83' lang='grc' dir='ltr'><em>ὠνεῖσθαι</em></span> <span class='ocrx_word' id='word_1_219' title='bbox 1431 1945 1656 1997; x_wconf 74' lang='grc' dir='ltr'><em>ξύμβουλοι</em></span> <span class='ocrx_word' id='word_1_220' title='bbox 1691 1946 1899 1996; x_wconf 71' lang='grc' dir='ltr'><em>ἐγίγνοντο</em></span> <span class='ocrx_word' id='word_1_221' title='bbox 1931 1948 2050 1998; x_wconf 78' lang='grc' dir='ltr'><em>σφίσι</em></span> <span class='ocrx_word' id='word_1_222' title='bbox 2079 1963 2171 2000; x_wconf 86' lang='grc' dir='ltr'><em>προ-</em></span> 
     </span>
     <span class='ocr_line' id='line_1_26' title="bbox 598 2015 2169 2072; baseline 0 -13"><span class='ocrx_word' id='word_1_223' title='bbox 598 2021 775 2064; x_wconf 74' lang='grc' dir='ltr'><em>νοοῦντες</em></span> <span class='ocrx_word' id='word_1_224' title='bbox 809 2019 879 2058; x_wconf 75' lang='grc' dir='ltr'><em>τοῦ</em></span> <span class='ocrx_word' id='word_1_225' title='bbox 919 2017 1071 2058; x_wconf 74' lang='grc' dir='ltr'><em>ἑαυτῶν</em></span> <span class='ocrx_word' id='word_1_226' title='bbox 1102 2016 1272 2070; x_wconf 79' lang='grc' dir='ltr'><em>κέρδους.</em></span> <span class='ocrx_word' id='word_1_227' title='bbox 1317 2029 1358 2072; x_wconf 88' lang='lat' dir='ltr'><em>p.</em></span> <span class='ocrx_word' id='word_1_228' title='bbox 1390 2019 1470 2066; x_wconf 88' lang='grc'><em>78,</em></span> <span class='ocrx_word' id='word_1_229' title='bbox 1508 2018 1574 2056; x_wconf 78' lang='lat'><em>15.</em></span> <span class='ocrx_word' id='word_1_230' title='bbox 1648 2015 1838 2071; x_wconf 81' lang='lat' dir='ltr'>Denique</span> <span class='ocrx_word' id='word_1_231' title='bbox 1871 2028 2002 2071; x_wconf 86' lang='lat' dir='ltr'>quun]</span> <span class='ocrx_word' id='word_1_232' title='bbox 2040 2016 2169 2059; x_wconf 85' lang='lat' dir='ltr'>athle-</span> 
     </span>
     <span class='ocr_line' id='line_1_27' title="bbox 597 2083 2168 2143; baseline 0 -14"><span class='ocrx_word' id='word_1_233' title='bbox 597 2093 664 2129; x_wconf 85' lang='lat' dir='ltr'><em>tae</em></span> <span class='ocrx_word' id='word_1_234' title='bbox 711 2100 734 2128; x_wconf 85' lang='lat' dir='ltr'>a</span> <span class='ocrx_word' id='word_1_235' title='bbox 779 2086 1018 2143; x_wconf 75' lang='lat' dir='ltr'>gymnasiis</span> <span class='ocrx_word' id='word_1_236' title='bbox 1057 2086 1219 2129; x_wconf 87' lang='lat' dir='ltr'>insanis</span> <span class='ocrx_word' id='word_1_237' title='bbox 1260 2085 1405 2128; x_wconf 89' lang='lat' dir='ltr'>usuris</span> <span class='ocrx_word' id='word_1_238' title='bbox 1454 2083 1813 2135; x_wconf 78' lang='lat' dir='ltr'>exliaurirentur,</span> <span class='ocrx_word' id='word_1_239' title='bbox 1858 2091 2032 2128; x_wconf 80' lang='lat' dir='ltr'>auctore</span> <span class='ocrx_word' id='word_1_240' title='bbox 2073 2086 2168 2129; x_wconf 87' lang='lat' dir='ltr'>Phi-</span> 
     </span>
     <span class='ocr_line' id='line_1_28' title="bbox 597 2154 2169 2209; baseline 0 -10"><span class='ocrx_word' id='word_1_241' title='bbox 597 2157 770 2199; x_wconf 81' lang='lat' dir='ltr'>lostrato</span> <span class='ocrx_word' id='word_1_242' title='bbox 807 2155 906 2197; x_wconf 87' lang='lat' dir='ltr'>ibid.</span> <span class='ocrx_word' id='word_1_243' title='bbox 941 2155 1009 2198; x_wconf 76' lang='grc' dir='ltr'><em>καὶ</em></span> <span class='ocrx_word' id='word_1_244' title='bbox 1042 2155 1262 2209; x_wconf 81' lang='grc' dir='ltr'><em>δανείζουσι</em></span> <span class='ocrx_word' id='word_1_245' title='bbox 1298 2161 1380 2203; x_wconf 83' lang='grc' dir='ltr'><em>τοῖς</em></span> <span class='ocrx_word' id='word_1_246' title='bbox 1414 2156 1613 2203; x_wconf 72' lang='grc' dir='ltr'><em>οέθλήταῖς</em></span> <span class='ocrx_word' id='word_1_247' title='bbox 1646 2155 1712 2196; x_wconf 78' lang='grc' dir='ltr'><em>ἐπὶ</em></span> <span class='ocrx_word' id='word_1_248' title='bbox 1749 2154 1878 2201; x_wconf 79' lang='grc' dir='ltr'><em>τόκοις</em></span> <span class='ocrx_word' id='word_1_249' title='bbox 1911 2155 2090 2209; x_wconf 81' lang='grc' dir='ltr'><em>μείζοσιν</em></span> <span class='ocrx_word' id='word_1_250' title='bbox 2119 2155 2169 2199; x_wconf 71' lang='grc' dir='ltr'><em>ὧν</em></span> 
     </span>
     <span class='ocr_line' id='line_1_29' title="bbox 598 2223 2168 2285; baseline -0.002 -15"><span class='ocrx_word' id='word_1_251' title='bbox 598 2225 815 2285; x_wconf 77' lang='grc' dir='ltr'><em>(τελοῦσιν)</em></span> <span class='ocrx_word' id='word_1_252' title='bbox 851 2225 1013 2278; x_wconf 73' lang='grc' dir='ltr'><em>ἔμποροι</em></span> <span class='ocrx_word' id='word_1_253' title='bbox 1043 2225 1365 2273; x_wconf 84' lang='grc' dir='ltr'><em>θαλαττεύοντες</em></span> <span class='ocrx_word' id='word_1_254' title='bbox 1384 2259 1394 2276; x_wconf 93' lang='grc'><strong>,</strong></span> <span class='ocrx_word' id='word_1_255' title='bbox 1428 2225 1524 2281; x_wconf 87' lang='lat' dir='ltr'>quis</span> <span class='ocrx_word' id='word_1_256' title='bbox 1556 2223 1786 2267; x_wconf 87' lang='lat' dir='ltr'>mirabitur</span> <span class='ocrx_word' id='word_1_257' title='bbox 1818 2224 1910 2267; x_wconf 92' lang='lat' dir='ltr'>illos</span> <span class='ocrx_word' id='word_1_258' title='bbox 1942 2224 2074 2268; x_wconf 82' lang='lat' dir='ltr'>fuisse</span> <span class='ocrx_word' id='word_1_259' title='bbox 2103 2239 2168 2270; x_wconf 89' lang='lat' dir='ltr'><em>ve-</em></span> 
     </span>
     <span class='ocr_line' id='line_1_30' title="bbox 597 2294 2170 2352; baseline 0 -13"><span class='ocrx_word' id='word_1_260' title='bbox 597 2297 740 2347; x_wconf 84' lang='lat' dir='ltr'>nales,</span> <span class='ocrx_word' id='word_1_261' title='bbox 774 2296 1024 2352; x_wconf 88' lang='lat' dir='ltr'>praesertim</span> <span class='ocrx_word' id='word_1_262' title='bbox 1059 2309 1190 2352; x_wconf 85' lang='lat' dir='ltr'>quum</span> <span class='ocrx_word' id='word_1_263' title='bbox 1222 2295 1400 2338; x_wconf 87' lang='lat' dir='ltr'>mollitie</span> <span class='ocrx_word' id='word_1_264' title='bbox 1433 2299 1474 2337; x_wconf 92' lang='lat' dir='ltr'>et</span> <span class='ocrx_word' id='word_1_265' title='bbox 1507 2294 1670 2337; x_wconf 85' lang='lat' dir='ltr'>deliciis</span> <span class='ocrx_word' id='word_1_266' title='bbox 1703 2294 1978 2337; x_wconf 80' lang='lat' dir='ltr'>diffluerent?</span> <span class='ocrx_word' id='word_1_267' title='bbox 2026 2295 2170 2352; x_wconf 86' lang='lat' dir='ltr'>Neque</span> 
     </span>
     <span class='ocr_line' id='line_1_31' title="bbox 596 2363 2169 2421; baseline -0.001 -11"><span class='ocrx_word' id='word_1_268' title='bbox 596 2373 686 2410; x_wconf 83' lang='lat' dir='ltr'>erat</span> <span class='ocrx_word' id='word_1_269' title='bbox 722 2366 789 2408; x_wconf 87' lang='lat' dir='ltr'>illa</span> <span class='ocrx_word' id='word_1_270' title='bbox 823 2379 970 2409; x_wconf 84' lang='lat' dir='ltr'>recens</span> <span class='ocrx_word' id='word_1_271' title='bbox 1003 2365 1244 2421; x_wconf 78' lang='lat' dir='ltr'>corruptela</span> <span class='ocrx_word' id='word_1_272' title='bbox 1283 2370 1324 2407; x_wconf 89' lang='lat' dir='ltr'>et</span> <span class='ocrx_word' id='word_1_273' title='bbox 1359 2364 1604 2420; x_wconf 76' lang='lat' dir='ltr'>turpitudo:</span> <span class='ocrx_word' id='word_1_274' title='bbox 1638 2363 1738 2406; x_wconf 85' lang='lat' dir='ltr'>audi</span> <span class='ocrx_word' id='word_1_275' title='bbox 1780 2377 1887 2420; x_wconf 84' lang='lat' dir='ltr'>quae</span> <span class='ocrx_word' id='word_1_276' title='bbox 1920 2364 2032 2407; x_wconf 84' lang='lat' dir='ltr'>dieat</span> <span class='ocrx_word' id='word_1_277' title='bbox 2074 2366 2169 2409; x_wconf 92' lang='lat' dir='ltr'>Dio-</span> 
     </span>
     <span class='ocr_line' id='line_1_32' title="bbox 597 2434 2166 2494; baseline 0 -16"><span class='ocrx_word' id='word_1_278' title='bbox 597 2437 746 2494; x_wconf 77' lang='lat' dir='ltr'>nysius</span> <span class='ocrx_word' id='word_1_279' title='bbox 790 2435 999 2478; x_wconf 86' lang='lat' dir='ltr'>Halicarn.</span> <span class='ocrx_word' id='word_1_280' title='bbox 1045 2437 1082 2477; x_wconf 81' lang='grc' dir='ltr'><em>ἐν</em></span> <span class='ocrx_word' id='word_1_281' title='bbox 1128 2437 1183 2488; x_wconf 79' lang='grc' dir='ltr'><em>τῷ</em></span> <span class='ocrx_word' id='word_1_282' title='bbox 1227 2434 1502 2488; x_wconf 81' lang='grc' dir='ltr'><em>προτρεπτικῷ</em></span> <span class='ocrx_word' id='word_1_283' title='bbox 1550 2440 1633 2481; x_wconf 86' lang='grc' dir='ltr'><em>τοῖς</em></span> <span class='ocrx_word' id='word_1_284' title='bbox 1691 2435 1890 2482; x_wconf 79' lang='grc' dir='ltr'><em>άθλήταῖς</em></span> <span class='ocrx_word' id='word_1_285' title='bbox 1941 2435 2059 2478; x_wconf 89' lang='lat' dir='ltr'><em>Tom.</em></span> <span class='ocrx_word' id='word_1_286' title='bbox 2095 2436 2166 2479; x_wconf 88' lang='lat' dir='ltr'><em>VI.</em></span> 
     </span>
     <span class='ocr_line' id='line_1_33' title="bbox 597 2500 2170 2563; baseline 0.001 -16"><span class='ocrx_word' id='word_1_287' title='bbox 597 2521 635 2563; x_wconf 84' lang='lat' dir='ltr'><em>p.</em></span> <span class='ocrx_word' id='word_1_288' title='bbox 666 2508 766 2548; x_wconf 68' lang='lat'><strong>277.</strong></span> <span class='ocrx_word' id='word_1_289' title='bbox 808 2506 949 2548; x_wconf 80' lang='lat' dir='ltr'>Reisk.</span> <span class='ocrx_word' id='word_1_290' title='bbox 993 2505 1270 2558; x_wconf 77' lang='grc' dir='ltr'><em>πειρασόμεθα</em></span> <span class='ocrx_word' id='word_1_291' title='bbox 1306 2505 1483 2557; x_wconf 80' lang='grc' dir='ltr'><em>άναιρεῖν</em></span> <span class='ocrx_word' id='word_1_292' title='bbox 1517 2504 1564 2545; x_wconf 76' lang='grc' dir='ltr'><em>δι’</em></span> <span class='ocrx_word' id='word_1_293' title='bbox 1597 2500 1625 2544; x_wconf 70' lang='grc' dir='ltr'><em>ἑὲ</em></span> <span class='ocrx_word' id='word_1_294' title='bbox 1670 2504 1735 2546; x_wconf 81' lang='grc' dir='ltr'><em>ἐπὶ</em></span> <span class='ocrx_word' id='word_1_295' title='bbox 1780 2505 1825 2546; x_wconf 84' lang='grc' dir='ltr'><em>τὸ</em></span> <span class='ocrx_word' id='word_1_296' title='bbox 1868 2505 2170 2558; x_wconf 72' lang='grc' dir='ltr'><em>διαφθείρεσθαί</em></span> 
     </span>
     <span class='ocr_line' id='line_1_34' title="bbox 595 2572 2167 2631; baseline -0.001 -12"><span class='ocrx_word' id='word_1_297' title='bbox 595 2592 698 2623; x_wconf 82' lang='grc' dir='ltr'><em>τινες</em></span> <span class='ocrx_word' id='word_1_298' title='bbox 741 2575 985 2627; x_wconf 81' lang='grc' dir='ltr'><em>τρέπονται,</em></span> <span class='ocrx_word' id='word_1_299' title='bbox 1030 2575 1080 2618; x_wconf 90' lang='lat' dir='ltr'><em>de</em></span> <span class='ocrx_word' id='word_1_300' title='bbox 1114 2574 1270 2631; x_wconf 83' lang='lat' dir='ltr'>quibus</span> <span class='ocrx_word' id='word_1_301' title='bbox 1312 2573 1446 2616; x_wconf 90' lang='lat' dir='ltr'>multa</span> <span class='ocrx_word' id='word_1_302' title='bbox 1488 2572 1638 2615; x_wconf 75' lang='lat' dir='ltr'>scribit</span> <span class='ocrx_word' id='word_1_303' title='bbox 1685 2572 1795 2615; x_wconf 86' lang='lat' dir='ltr'>unde</span> <span class='ocrx_word' id='word_1_304' title='bbox 1833 2586 1965 2628; x_wconf 86' lang='lat' dir='ltr'>pauca</span> <span class='ocrx_word' id='word_1_305' title='bbox 2009 2574 2167 2618; x_wconf 86' lang='lat' dir='ltr'>descri-</span> 
     </span>
     <span class='ocr_line' id='line_1_35' title="bbox 595 2643 2166 2698; baseline 0 -11"><span class='ocrx_word' id='word_1_306' title='bbox 595 2646 717 2688; x_wconf 85' lang='lat' dir='ltr'>bam:</span> <span class='ocrx_word' id='word_1_307' title='bbox 752 2646 784 2686; x_wconf 84' lang='grc' dir='ltr'><em>οἱ</em></span> <span class='ocrx_word' id='word_1_308' title='bbox 826 2645 959 2692; x_wconf 81' lang='grc' dir='ltr'><em>δόντες</em></span> <span class='ocrx_word' id='word_1_309' title='bbox 999 2646 1053 2698; x_wconf 80' lang='grc' dir='ltr'><em>τῷ</em></span> <span class='ocrx_word' id='word_1_310' title='bbox 1087 2646 1161 2695; x_wconf 81' lang='grc' dir='ltr'><em>μὲν</em></span> <span class='ocrx_word' id='word_1_311' title='bbox 1202 2645 1329 2687; x_wconf 83' lang='grc' dir='ltr'><em>δοκεῖν</em></span> <span class='ocrx_word' id='word_1_312' title='bbox 1365 2644 1593 2693; x_wconf 72' lang='grc' dir='ltr'><em>νενικήκασι</em></span> <span class='ocrx_word' id='word_1_313' title='bbox 1633 2649 1684 2696; x_wconf 68' lang='grc' dir='ltr'><em>τῇ</em></span> <span class='ocrx_word' id='word_1_314' title='bbox 1715 2643 1748 2684; x_wconf 86' lang='grc' dir='ltr'><em>δ’</em></span> <span class='ocrx_word' id='word_1_315' title='bbox 1775 2644 1948 2698; x_wconf 72' lang='grc' dir='ltr'><em>άλήθεία</em></span> <span class='ocrx_word' id='word_1_316' title='bbox 1978 2644 2166 2693; x_wconf 70' lang='grc' dir='ltr'><em>ἐώνηνται</em></span> 
     </span>
     <span class='ocr_line' id='line_1_36' title="bbox 594 2713 2166 2771; baseline -0.001 -13"><span class='ocrx_word' id='word_1_317' title='bbox 594 2716 666 2764; x_wconf 64' lang='grc' dir='ltr'><em>τὴν</em></span> <span class='ocrx_word' id='word_1_318' title='bbox 696 2715 828 2766; x_wconf 69' lang='grc' dir='ltr'><em>νίκην,</em></span> <span class='ocrx_word' id='word_1_319' title='bbox 860 2720 900 2757; x_wconf 86' lang='lat' dir='ltr'>et</span> <span class='ocrx_word' id='word_1_320' title='bbox 932 2719 1024 2771; x_wconf 86' lang='lat' dir='ltr'>post</span> <span class='ocrx_word' id='word_1_321' title='bbox 1053 2727 1209 2770; x_wconf 85' lang='lat' dir='ltr'>pauca:</span> <span class='ocrx_word' id='word_1_322' title='bbox 1250 2714 1408 2768; x_wconf 79' lang='grc' dir='ltr'><em>χείρους</em></span> <span class='ocrx_word' id='word_1_323' title='bbox 1442 2714 1517 2755; x_wconf 73' lang='grc' dir='ltr'><em>εἰσὶ</em></span> <span class='ocrx_word' id='word_1_324' title='bbox 1550 2716 1626 2755; x_wconf 77' lang='grc' dir='ltr'><em>τῶν</em></span> <span class='ocrx_word' id='word_1_325' title='bbox 1666 2713 1874 2765; x_wconf 77' lang='grc' dir='ltr'><em>προδοτῶν,</em></span> <span class='ocrx_word' id='word_1_326' title='bbox 1918 2714 2055 2757; x_wconf 79' lang='grc' dir='ltr'><em>ἐκεῖνοι</em></span> <span class='ocrx_word' id='word_1_327' title='bbox 2091 2716 2166 2766; x_wconf 79' lang='grc' dir='ltr'><em>μὲν</em></span> 
     </span>
     <span class='ocr_line' id='line_1_37' title="bbox 593 2781 2162 2839; baseline -0.001 -12"><span class='ocrx_word' id='word_1_328' title='bbox 593 2785 676 2839; x_wconf 67' lang='grc' dir='ltr'><em>γάρ</em></span> <span class='ocrx_word' id='word_1_329' title='bbox 724 2785 815 2831; x_wconf 80' lang='grc' dir='ltr'><em>τοὺς</em></span> <span class='ocrx_word' id='word_1_330' title='bbox 869 2783 1022 2832; x_wconf 73' lang='grc' dir='ltr'><em>ἄλλους</em></span> <span class='ocrx_word' id='word_1_331' title='bbox 1066 2787 1293 2835; x_wconf 80' lang='grc' dir='ltr'><em>πωλοῦσιν,</em></span> <span class='ocrx_word' id='word_1_332' title='bbox 1341 2781 1445 2825; x_wconf 70' lang='grc' dir='ltr'><em>οὗτοι</em></span> <span class='ocrx_word' id='word_1_333' title='bbox 1493 2783 1532 2824; x_wconf 75' lang='grc' dir='ltr'><em>δὲ</em></span> <span class='ocrx_word' id='word_1_334' title='bbox 1574 2783 1640 2824; x_wconf 75' lang='grc' dir='ltr'><em>καὶ</em></span> <span class='ocrx_word' id='word_1_335' title='bbox 1692 2782 1874 2830; x_wconf 74' lang='grc' dir='ltr'><em>ἑαυτούς.</em></span> <span class='ocrx_word' id='word_1_336' title='bbox 1925 2783 1994 2825; x_wconf 78' lang='grc' dir='ltr'><em>καὶ</em></span> <span class='ocrx_word' id='word_1_337' title='bbox 2041 2782 2162 2834; x_wconf 71' lang='grc' dir='ltr'><em>ὅμοιοι</em></span> 
     </span>
     <span class='ocr_line' id='line_1_38' title="bbox 593 2853 2164 2907; baseline -0.001 -10"><span class='ocrx_word' id='word_1_338' title='bbox 593 2862 675 2903; x_wconf 82' lang='grc' dir='ltr'><em>τοῖς</em></span> <span class='ocrx_word' id='word_1_339' title='bbox 709 2854 860 2907; x_wconf 82' lang='grc' dir='ltr'><em>πόρνοις</em></span> <span class='ocrx_word' id='word_1_340' title='bbox 895 2855 993 2897; x_wconf 75' lang='grc' dir='ltr'><em>εἰσὶν</em></span> <span class='ocrx_word' id='word_1_341' title='bbox 1027 2855 1091 2897; x_wconf 74' lang='grc' dir='ltr'><em>ἐπὶ</em></span> <span class='ocrx_word' id='word_1_342' title='bbox 1136 2860 1217 2903; x_wconf 77' lang='grc' dir='ltr'><em>τοῖς</em></span> <span class='ocrx_word' id='word_1_343' title='bbox 1262 2854 1421 2904; x_wconf 76' lang='grc' dir='ltr'><em>σώμασι</em></span> <span class='ocrx_word' id='word_1_344' title='bbox 1460 2858 1542 2898; x_wconf 78' lang='grc' dir='ltr'><em>τοῖς</em></span> <span class='ocrx_word' id='word_1_345' title='bbox 1580 2853 1729 2895; x_wconf 70' lang='grc' dir='ltr'><em>ἑαυτῶν</em></span> <span class='ocrx_word' id='word_1_346' title='bbox 1771 2853 2087 2905; x_wconf 80' lang='grc' dir='ltr'><em>λαμβάνοντες,</em></span> <span class='ocrx_word' id='word_1_347' title='bbox 2123 2859 2164 2896; x_wconf 79' lang='lat' dir='ltr'>ct</span> 
     </span>
    </p>
   </div>
  </div>
 </body>
</html>
