2316 3491
1317 238 1370 277 00

552 353 811 405 οέντιλεχθείη
845 349 895 392 ἄν
936 351 1022 391 κτὲ.
1085 351 1132 393 In
1166 349 1232 391 his
1270 354 1541 405 opponuntur
1585 348 1806 391 manifesto
1845 349 1957 392 inter
1998 362 2042 392 se
2073 363 2122 392 ac

551 421 631 463 sihi
678 419 958 475 respondent:
1019 418 1112 471 Περὶ
1158 420 1232 470 μὲν
1275 419 1320 467 δὴ
1365 419 1553 469 σώματος
1599 419 1827 468 οέναλογίας
1868 425 1908 460 et
1948 420 2034 471 περὶ
2080 420 2122 460 δὲ

551 489 727 542 κράσεων
761 488 906 530 ὁπόσαι
939 488 1050 530 εἰσίν.
1116 488 1163 530 In
1199 487 1275 530 hac
1322 488 1454 542 igitur
1497 486 1785 529 membrorum
1836 489 2124 538 concinnitate

552 559 585 599 si
625 557 757 599 altera
799 570 896 612 pars
944 557 1114 612 integra
1162 563 1226 599 est
1275 570 1324 599 ex
1363 556 1433 598 illa
1476 555 1616 610 colligi
1662 555 1926 610 intelligique
1969 557 2125 611 poterit

550 626 653 682 quid
687 628 727 667 in
762 626 895 668 altera
945 627 1001 668 sit
1045 631 1163 682 parte
1210 625 1512 682 reponendum.
1577 625 1724 680 Itaque
1758 626 1793 666 si
1827 624 1913 676 περὶ
1948 623 2125 676 κροέσεων

551 696 711 738 dicitur
736 697 828 738 οὔτε
872 697 1126 749 οὶντειρῆσθαι
1158 695 1249 738 οὔτε
1282 697 1573 749 οὲντιλεχθῆναι
1615 694 1664 736 ἄν
1684 728 1694 745 ,
1728 694 2004 749 consequitur
2036 693 2124 747 περὶ

550 766 739 816 σώματος
785 767 1015 816 ἀναλογίας
1058 780 1135 807 non
1175 767 1287 807 inter
1334 777 1480 806 omnes
1523 770 1746 814 constare,
1791 763 1862 805 sed
1909 762 1959 804 de
1991 775 2038 804 ea
2080 775 2126 804 re

550 834 744 876 homines
777 834 1031 884 dissentire,
1065 835 1108 875 in
1143 833 1331 877 diversas
1361 839 1501 889 partes
1530 832 1774 882 discedere,
1822 832 1903 874 alia
1942 832 2037 874 aliis
2066 833 2124 873 vi-

550 902 653 945 deri.
720 903 829 956 Quid
880 904 1012 958 igitur
1058 909 1122 945 est
1168 917 1243 958 pro
1291 903 1512 953 οὶναλογίαι
1558 901 1902 943 restituendum?
1967 901 2126 956 Nempe

549 974 814 1024 ἀντιλογίαι,
859 973 899 1014 id
936 972 1046 1028 quod
1083 972 1178 1014 luce
1219 972 1379 1015 clarius
1424 977 1500 1013 est.
1568 970 1768 1025 Superest
1810 971 1979 1021 δεκταί,
2013 970 2124 1025 quod

549 1042 799 1085 vocabulum
831 1047 895 1084 est
927 1042 1099 1084 Graecis
1132 1041 1446 1097 antiquioribus
1489 1040 1742 1081 inusitatum
1783 1044 1825 1080 et
1860 1039 2122 1081 inauditum:

550 1118 734 1154 utuntur
766 1125 814 1154 eo
852 1111 1082 1154 Christiani
1119 1117 1160 1154 et
1197 1110 1421 1160 Graeculi,
1456 1110 1528 1166 qui
1562 1108 1699 1150 δεκτόν
1748 1108 1959 1164 appellant
1998 1122 2124 1164 quern

550 1182 697 1224 Latine
725 1189 958 1238 acceptum,
995 1181 1036 1222 id
1067 1187 1130 1223 est
1155 1187 1344 1236 ιᾳναιιιηι,
1373 1180 1584 1229 dicimus,
1620 1178 1733 1219 utin
1768 1178 2001 1220 notissimis
2035 1191 2124 1220 ver·

550 1251 637 1294 his:
686 1251 811 1299 οὐδεὶς
856 1252 1068 1304 προφήτης
1118 1251 1310 1297 δεκτός
1359 1251 1438 1295 ἐςιν
1477 1250 1516 1291 ἐν
1559 1255 1610 1302 τῇ
1655 1247 1817 1299 πατρίδι
1861 1248 2001 1290 αὑτοῦ.
2077 1248 2123 1289 In

548 1321 818 1377 Alciphrouis
871 1320 1072 1376 Epistolis
1108 1320 1181 1362 111.
1230 1323 1298 1362 70.
1360 1319 1498 1366 δεκτός
1550 1331 1694 1360 errore
1751 1316 1990 1359 scribarum
2049 1330 2125 1373 pro

548 1392 710 1438 ἀστεῖος
759 1391 983 1445 irrepsisse
1032 1390 1275 1431 notavimus
1324 1390 1364 1430 in
1410 1389 1509 1429 Var.
1545 1387 1676 1428 Leett.
1727 1400 1766 1442 p.
1803 1388 1874 1427 72.
1936 1385 2025 1428 Non
2062 1392 2126 1428 est

548 1465 689 1501 autem
726 1458 810 1501 ulla
844 1458 1054 1501 dubitatio
1087 1459 1189 1514 quin
1224 1458 1336 1514 apud
1369 1457 1673 1501 Philostratum
1718 1456 1760 1497 in
1795 1456 1976 1498 δεκταὶ
2011 1457 2124 1498 οέντι-

547 1530 687 1579 λογίαι
722 1528 837 1570 aliud
871 1527 971 1584 quid
1005 1527 1145 1570 lateat.
1212 1529 1292 1580 Qui
1325 1528 1477 1570 acriter
1510 1532 1551 1569 et
1584 1526 1841 1568 veliementer
1870 1525 2125 1568 contradicit

549 1598 705 1641 Graece
737 1599 909 1645 δεινῶς
942 1597 1175 1649 ἀντιλέγειν
1216 1598 1376 1640 dicitur
1408 1596 1638 1652 eodemque
1671 1594 1794 1636 modo
1838 1595 2010 1638 δειναὶ
2053 1597 2124 1638 οἰν-
2156 1645 2163 1651 ..

547 1668 727 1718 τιλογίαι
761 1666 1056 1722 appellantur,
1099 1667 1210 1723 quod
1242 1668 1342 1722 quin
1385 1666 1514 1708 lateat
1547 1666 1588 1706 in
1623 1666 1762 1707 δεκταὶ
1797 1666 2019 1716 οέναλογίαι
2053 1678 2123 1708 ne·
2156 1652 2162 1657 ”

549 1738 706 1779 minem
748 1750 902 1792 magno
947 1749 1072 1792 opere
1119 1736 1415 1778 dubitaturum
1463 1748 1554 1777 esse
1594 1734 1792 1776 arbitror.
1860 1734 1963 1776 Vide
2009 1748 2122 1776 nunc

550 1813 706 1862 quanta
740 1806 833 1849 luce
862 1806 977 1848 locus
1011 1806 1254 1862 splendeat:
1290 1805 1377 1858 περὶ
1409 1805 1484 1856 μὲν
1517 1805 1562 1852 δὴ
1596 1804 1785 1854 σώματος
1818 1804 2123 1854 ἀναλογίας-

550 1877 628 1918 εἱσί
660 1893 734 1918 που
769 1877 837 1918 καὶ
881 1877 1003 1918 δειναὶ
1045 1877 1370 1927 οΞντιλογίαι
1403 1900 1490 1925 -,
1535 1874 1622 1927 περὶ
1657 1875 1697 1916 δὲ
1738 1874 1913 1927 κράσεων
1941 1899 2000 1904 -
2031 1873 2121 1915 οὔτε

550 1946 875 1998 αντείρηταί
905 1961 982 1987 που
1014 1945 1106 1988 οὔτε
1140 1945 1500 1997 οξντιλεχθείη
1544 1942 1608 1986 ἄν.
1658 1943 1746 1984 Non
1778 1944 1869 1985 sine
1903 1943 1989 1984 risu
2024 1956 2122 1984 cum

550 2015 616 2057 his
645 2015 857 2070 vulgatam
891 2015 971 2058 loci
1004 2017 1261 2071 scripturam
1291 2027 1530 2070 compones
1597 2012 1687 2055 Non
1717 2012 1900 2054 multum
1936 2012 2123 2054 mirabor

551 2086 585 2126 si
631 2084 799 2140 quando
842 2085 1129 2141 comperietur
1174 2085 1215 2127 in
1261 2086 1351 2141 ipso
1394 2083 1543 2126 Codice
1584 2083 1707 2125 δειναὶ
1747 2083 1980 2133 οὲντιλογίαι
2031 2082 2122 2124 sine

551 2154 704 2196 mendo
730 2155 937 2210 scriptum
970 2160 1149 2197 exstare.

611 2225 755 2280 Inepte
794 2224 978 2267 abundat
1019 2223 1271 2266 vocabulum
1305 2237 1345 2280 p.
1377 2227 1456 2273 70,
1493 2227 1543 2265 5:
1577 2224 1717 2273 εὐήνιοι
1750 2220 1964 2272 γυμνάσαι
1996 2221 2122 2263 ποικί-

549 2306 626 2342 λως
660 2295 710 2336 δι’
738 2295 942 2347 εὐμοιρίαν
983 2293 1161 2347 κράσεως
1211 2294 1407 2351 [δορί-τῆς]
1474 2291 1813 2349 Expungendum
1858 2304 1949 2333 esse
1980 2291 2121 2344 οΞρίςης

550 2364 611 2406 sic
645 2364 801 2420 optime
847 2365 1003 2406 senties
1037 2377 1167 2420 quum
1218 2363 1571 2406 animadverteris
1615 2363 1663 2404 δι’
1703 2361 1904 2413 εὐμοιρίαν
1944 2360 2120 2414 κράσεως

549 2433 762 2489 eleganter
792 2438 833 2476 et
867 2437 1045 2476 venuste
1085 2433 1169 2476 dici
1208 2447 1282 2490 pro
1321 2433 1386 2476 δια
1420 2433 1464 2475 τὸ
1498 2433 1685 2484 οΞρίςης
1732 2431 1910 2484 κράσεως
1943 2447 2120 2483 τετυχη-

547 2503 671 2546 κέναι.

610 2572 786 2615 Frustra
816 2575 1004 2630 quaesivi
1038 2574 1304 2617 emendatam
1324 2573 1546 2616 lectionem
1581 2585 1620 2627 p.
1643 2573 1722 2620 72,
1753 2575 1791 2613 5.
1828 2570 1899 2612 uhi
1928 2574 2117 2611 veterum

547 2640 802 2685 athletarum
851 2642 981 2686 robur
1028 2645 1178 2700 ingens
1220 2643 1469 2700 praedicans
1504 2642 1561 2683 ita
1604 2640 1775 2683 scribit:
1820 2643 1960 2682 ταῦτα
2003 2639 2042 2681 δὲ
2074 2639 2120 2687 δὴ

547 2714 830 2766 Πολυμήςορες
864 2713 932 2755 καὶ
977 2718 1153 2757 Γλαῦκοι
1193 2714 1261 2757 καὶ
1296 2712 1548 2761 Ἀλησίαι
1582 2711 1650 2753 καὶ
1684 2709 1936 2761 Πολυδάμας
1970 2709 1987 2751 ὅ
2021 2716 2118 2751 Σκο-

547 2788 777 2829 τουσσαῑος.
843 2782 1090 2826 Mendosum
1123 2790 1186 2826 est
1217 2783 1423 2831 Ἀλησίαι.
1483 2781 1603 2824 Latet
1637 2779 1789 2822 nobilis
1822 2778 2005 2822 athletae
2047 2791 2117 2819 uo-

547 2864 672 2900 men,
721 2852 843 2894 cuius
879 2853 1056 2910 vestigia
1096 2860 1138 2897 et
1174 2853 1284 2911 apud
1329 2851 1557 2894 Eusebium
1603 2855 1798 2901 exstant,
1843 2848 1913 2891 sed
1953 2848 1994 2889 in
2028 2847 2118 2889 loco

546 2927 756 2976 corrupto.
809 2922 1035 2966 Adnotavit
1066 2923 1177 2966 enini
1215 2923 1262 2966 ad
1293 2921 1582 2980 Olympiadem
1607 2921 1765 2963 Lxxx.
1806 2921 1862 2977 (in
1898 2917 2117 2960 Chronicis
