2366 3540
967 275 1017 315 15

209 392 363 434 rennes
400 401 476 445 par
521 386 720 430 l'anxiete
764 393 836 430 ont
880 388 916 431 le
960 387 1133 432 dessous
1177 390 1248 434 des
1290 405 1397 450 yeux
1441 392 1621 448 amaigri
1669 395 1780 435 etc.’'

208 461 361 503 Adeste
408 470 554 500 omncs
585 458 657 512 qui
705 456 832 499 honos
877 459 1105 514 scriptores
1149 460 1418 516 explicandos
1465 463 1605 518 potius
1651 476 1780 518 quam

206 536 352 572 contra
387 528 507 570 fidem
547 533 736 569 veterum
775 527 1119 570 membranarum
1156 531 1440 576 emendandos
1474 532 1683 582 censetis,
1716 545 1779 574 ec-

206 599 306 654 quid
348 598 486 654 placet
531 596 599 637 illa
646 596 973 650 interpretatio?
1039 598 1280 652 Agnoscitis
1322 608 1511 644 vestrum
1551 602 1684 658 utbz‘la
1720 602 1779 642 ‹li-

204 683 291 711 cam
312 702 321 717 ,
354 667 509 716 veluti,
543 665 688 721 quast,
722 671 955 719 (amquam,
991 665 1146 720 quibus
1177 674 1391 711 contortas
1432 677 1473 713 et
1508 670 1780 726 confragosas

201 736 573 791 interpretationes
607 733 757 775 fulcire
801 733 957 775 soletis.
1024 734 1104 776 Sed
1138 735 1240 778 haec
1288 739 1459 793 quidem
1492 753 1613 781 nemo
1646 740 1779 785 seret.

199 805 350 851 credo,
396 807 469 844 aut
514 803 606 844 eius
638 802 768 857 capiti
809 815 889 843 non
931 817 1060 859 anyer
1095 804 1222 862 (quod
1261 805 1352 848 lieri
1386 821 1467 849 non
1518 808 1670 865 potest)
1706 808 1779 851 sed

198 873 387 917 cucullus
433 872 689 926 imponetur.
764 871 927 914 Adhibe
961 873 1089 916 semel
1132 874 1355 917 dubitandi
1401 877 1694 920 salubritatem
1738 883 1780 920 et

200 956 343 985 veram
389 941 644 992 lectionem,
688 940 793 982 mihi
838 941 988 992 crede,
1034 949 1284 998 reperturus
1313 958 1369 988 es.
1435 946 1681 990 Mendosum
1715 951 1780 990 est.

201 1013 334 1065 ςέφοι.
402 1009 532 1062 Quale
567 1010 739 1053 verbum
774 1011 1043 1066 requiritur?
1078 1013 1165 1054 Non
1196 1021 1386 1065 coronat,
1420 1016 1492 1058 sed
1526 1018 1664 1072 anyit,
1699 1024 1776 1059 tor-

203 1088 324 1139 quet,
359 1081 526 1123 cruciat.
592 1080 759 1122 Nihilne
793 1080 920 1121 etiam
950 1082 1145 1136 reperis?
1196 1083 1434 1127 Recordare
1479 1098 1625 1128 eorum
1669 1099 1777 1142 quac

202 1165 251 1194 ex
289 1151 426 1194 Ennio
457 1155 543 1192 tam
574 1149 711 1205 lepide
737 1149 882 1191 Cicero
915 1150 956 1191 in
991 1164 1082 1192 rem
1113 1165 1233 1194 suam
1269 1155 1505 1196 convertit:

384 1219 417 1263 O
451 1220 573 1269 Tite,
607 1219 642 1259 si
676 1217 775 1273 quid
812 1231 887 1273 ego
921 1218 1071 1261 adiuro
1104 1235 1337 1277 curamque
1370 1222 1559 1273 levasso,

383 1302 490 1344 quae
525 1301 636 1330 nunc
669 1294 710 1330 te
744 1288 887 1342 coquit
921 1293 962 1330 et
992 1297 1127 1332 versat
1158 1290 1236 1332 sub
1271 1296 1441 1347 pectore
1484 1292 1577 1335 fixa.

261 1360 370 1402 Ecce
403 1358 557 1400 emicat
584 1370 684 1399 vera
726 1356 852 1398 lectio
882 1355 945 1405 οὓς
977 1358 1010 1400 δ’
1049 1359 1098 1401 ἂν
1134 1360 1318 1414 ςρέφοι
1351 1362 1525 1412 ἀγωνία.
1590 1362 1676 1405 Hoc
1707 1363 1775 1407 de-

200 1443 317 1472 mum
353 1429 560 1471 Graecum
588 1432 628 1469 et
659 1439 808 1468 sanum
839 1431 916 1468 est.
984 1428 1156 1484 Proprie
1187 1436 1226 1472 et
1254 1432 1462 1486 exquisite
1488 1432 1604 1475 dolor
1629 1439 1671 1475 et
1702 1447 1774 1476 an-

201 1512 277 1555 gor
312 1498 474 1552 ςρέφειν
506 1496 597 1539 τινά
632 1496 851 1538 dicuntur.
918 1495 1221 1553 Aristophanes
1256 1500 1298 1540 in
1340 1500 1462 1543 Pluto
1494 1515 1556 1544 vs.
1591 1503 1727 1546 1151:

379 1569 491 1615 ὀδύνη
526 1584 572 1609 σε
605 1565 692 1618 περὶ
726 1565 782 1608 ταὶ
819 1565 1044 1618 σπλάγχν’
1080 1566 1180 1610 ἔοικέ
1212 1585 1273 1616 τις
1307 1570 1530 1624 ςρέφειν.

256 1639 301 1680 Ιι]
340 1640 445 1681 Pace
478 1651 539 1679 vs.
572 1639 676 1677 175:

378 1707 448 1756 ἤδη
483 1709 667 1758 ςροφεῖ
695 1721 734 1746 τι
768 1707 933 1754 πνεῦμα
967 1704 1054 1757 περὶ
1088 1707 1155 1748 τὸν
1189 1707 1394 1761 ὀμφαλόν.

198 1777 499 1820 admonuimus
544 1774 644 1817 alibi
680 1787 756 1830 pro
802 1773 981 1815 barbara
1025 1773 1160 1816 forma
1194 1781 1341 1830 ςρσφεῖ
1385 1777 1587 1821 Graecam
1631 1780 1769 1835 ςρέφει

196 1846 373 1889 rescribi
408 1851 614 1902 oportere.
681 1843 761 1886 Sed
795 1842 896 1899 quid
941 1843 1063 1898 plura
1104 1846 1405 1888 accumulem?
1472 1847 1581 1900 Quin
1622 1863 1769 1893 verum

197 1917 254 1958 sit
297 1916 435 1970 ςρέφοι
477 1928 622 1957 eorum
653 1913 822 1969 quidem
861 1913 933 1968 qui
966 1913 1124 1956 Graece
1163 1916 1298 1957 sciant
1334 1915 1632 1961 dubitaturum
1675 1933 1769 1962 con-

198 1987 280 2029 lido
319 1987 561 2035 neminem,
596 1983 668 2026 sed
708 1996 758 2025 ne
792 1983 834 2023 in
869 1982 1017 2025 Codice
1052 1984 1221 2038 quidem
1266 1985 1517 2028 mendosum
1549 1988 1666 2041 ςέφω
1701 2003 1769 2032 ex.

196 2062 310 2099 stare
344 2055 543 2098 arbitror.
607 2053 699 2095 Alio
732 2051 855 2094 modo
895 2058 1056 2094 veteres
1087 2054 1277 2104 scribae,
1321 2055 1402 2097 alio
1440 2057 1628 2112 imperiti
1664 2064 1766 2101 tem-

195 2140 344 2183 porum
372 2131 618 2167 nostrorum
649 2122 932 2176 descriptores
966 2122 1202 2177 impingere
1234 2124 1384 2168 solent.
1429 2126 1627 2169 Mendum
1656 2128 1768 2184 quod

194 2196 436 2238 notavimus
470 2199 533 2236 est
574 2197 650 2235 τῶν
686 2195 936 2243 νεωτερικῶν.
1004 2191 1190 2234 Securus
1233 2201 1429 2250 exspecto
1473 2195 1644 2240 doctum
1687 2203 1766 2240 tes·

195 2271 278 2308 tem
312 2265 383 2321 qui
413 2264 607 2306 Codiceni
642 2263 778 2318 ipsum
815 2260 952 2302 denuo
984 2263 1233 2305 excusserit.

253 2335 371 2377 Alter
409 2334 553 2383 loeus,
599 2333 639 2373 in
684 2343 808 2386 quem
850 2330 997 2387 Mynas
1037 2330 1211 2374 verbum
1256 2333 1397 2388 ςέφειν
1429 2336 1661 2379 oscitanter
1702 2338 1767 2380 in-

193 2405 337 2454 vexit,
369 2404 528 2459 legitur
561 2416 599 2458 p.
632 2405 700 2443 76.
750 2398 902 2442 Ordiar
934 2399 1055 2454 paulo
1086 2400 1213 2443 altius
1259 2409 1305 2445 ut
1338 2404 1483 2447 eadem
1518 2420 1644 2462 opera
1676 2421 1766 2449 ma·

194 2473 310 2516 cuias
343 2473 546 2529 quasdam
590 2471 746 2513 cluam.
818 2469 971 2511 Narrat
1010 2469 1291 2514 Philostratus
1328 2475 1585 2519 athletarum
1620 2483 1766 2534 utpote

194 2543 356 2585 deliciis
400 2541 683 2584 diffluentium
733 2553 872 2581 mores
912 2540 1092 2594 pessime
1135 2554 1224 2584 esse
1265 2551 1499 2601 corruptos.
1563 2547 1677 2589 Alios
1721 2548 1763 2590 in

194 2613 399 2655 Venerem
447 2624 601 2667 pronos
642 2624 761 2660 esse,
807 2608 910 2651 alios
947 2609 1108 2664 palmas
1145 2616 1218 2653 aut
1261 2614 1442 2657 vendere
1486 2621 1559 2658 aut
1607 2630 1761 2661 emere.

192 2684 237 2725 τὸ
272 2684 312 2724 δὲ
347 2681 444 2724 οὕτω
477 2684 667 2734 τρυφᾶν,
702 2680 866 2735 inquit,
899 2679 1015 2730 ’δριμὺ
1047 2681 1122 2730 μὲν
1155 2681 1222 2722 uxi
1257 2683 1312 2730 εἷς
1347 2685 1586 2738 ἀφροδισίων
1615 2688 1764 2739 ὁρμήν,

193 2751 284 2804 ἧ,ε.,ε
317 2752 356 2794 δὲ
386 2753 585 2800 (Mamm
618 2751 686 2793 κκὶ
721 2752 766 2793 τὸ
806 2753 879 2797 τῆς
913 2749 1009 2801 ὑπὲρ
1048 2749 1274 2802 χρημάτων
1307 2755 1564 2806 παρκνομίεις
1608 2756 1677 2798 καὶ
1717 2758 1763 2800 τὸ

194 2827 344 2863 πωλεῖν
375 2839 421 2863 τε
456 2821 524 2863 nx)
567 2822 746 2863 εένεῖσθκι
791 2818 867 2864 τὰς
903 2817 1030 2866 νίκαις.
1096 2822 1149 2862 Οἱ
1180 2821 1256 2871 μὲν
1284 2823 1366 2874 γὰρ
1399 2823 1468 2865 καὶ
1504 2826 1761 2868 ἀποδίδονται

192 2891 264 2938 τὴν
294 2892 425 2933 αὑτῶν
457 2891 671 2940 εὔκλειχν,
706 2891 772 2935 διὰ
792 2925 801 2941 ‚
834 2890 977 2939 οἷμκί,
1009 2890 1054 2931 τὸ
1087 2896 1246 2933 πολλῶν
1278 2893 1459 2944 δεῖσθαι,
1492 2895 1526 2936 οἷ
1558 2895 1598 2936 δὲ
1628 2897 1764 2938 ὦνοῦν·

192 2975 260 3001 vxi
289 2960 333 3001 τὸ
366 2962 423 3011 μὴ
468 2959 538 3010 ξὺν
587 2961 690 3015 πόνῳ
732 2966 857 3007 νικᾶν,
923 2958 1149 3015 Eleganter
1178 2967 1217 3004 et
1257 2967 1433 3005 venuste
1468 2962 1569 3006 haec
1603 2965 1759 3022 scripta
