2366 3540
1362 263 1416 302 ⁶20

616 381 807 436 requiri,
840 379 950 435 quod
983 378 1034 420 de
1062 376 1300 435 gymnastis
1331 374 1493 417 dietum
1529 372 1632 422 suit,
1665 386 1848 428 quorum
1877 374 1948 417 alii
1976 374 2018 416 id
2052 373 2182 432 (quod

617 462 731 492 nunc
764 447 996 503 intercidit)
1039 447 1236 496 ἀμαθῶς,
1281 444 1351 486 alii
1383 443 1454 493 ξὺν
1489 443 1668 496 §me-tilam
1697 443 1765 485 καὶ
1810 443 1921 496 λόγῳ
1951 443 2090 486 facere
2121 442 2182 484 di-

617 518 835 561 cebantur.
900 516 1161 570 perspicitur
1194 513 1272 556 hoc
1300 519 1341 556 et
1374 512 1543 555 aliunde
1570 517 1612 553 et
1642 524 1690 553 ex
1723 510 1863 554 verbis
1895 513 2026 554 αὐτὸ
2055 512 2183 564 πράτ-

615 603 777 636 τοντες,
810 598 918 641 quae
960 585 1011 626 de
1054 597 1170 626 more
1209 582 1456 626 reseruntur
1493 581 1544 624 ad
1583 580 1758 623 verbum
1788 581 1981 636 proxime
2016 582 2183 635 praece-

616 657 742 706 dens,
785 654 896 710 quod
937 667 988 695 ne
1021 653 1245 695 invenuste
1289 657 1554 708 repeteretur
1594 649 1854 692 substituere
1891 649 1992 691 αὐτὸ
2025 654 2149 691 ποιεῖν
2173 681 2182 698 ,

615 726 716 766 αὐτὸ
749 726 871 777 δράν,
914 725 1014 766 αὐτὸ
1051 722 1245 775 πράττειυ
1277 727 1319 764 et
1349 720 1523 764 Veteies
1568 719 1756 762 solebant
1799 718 2006 772 hodieque
2038 730 2185 759 omnes

615 795 674 836 ita
702 793 814 849 loqui
849 793 1045 835 solemus.
1112 792 1181 834 Sic
1215 790 1518 845 Aristophanes
1552 790 1595 831 in
1633 789 1755 831 Pluto
1798 801 1858 829 vs.
1894 790 2007 829 644:

795 862 989 915 ταχέως,
1019 861 1183 914 ταχέως
1215 860 1308 912 φέρ’
1341 857 1468 908 οἶνον,
1503 876 1528 900 ω
1563 858 1748 907 δέσποιν’,
1794 855 1860 899 ἱνα

795 933 928 979 καύτή
961 930 1082 982 πίνς·
1116 929 1326 982 φιὶεῖςδὲ
1359 928 1503 980 δρῶσ·’
1537 929 1656 969 αὐτὸ
1690 927 1862 980 σφόδρα.

617 1003 772 1059 quibus
800 1000 954 1042 similia
982 999 1136 1055 passim
1164 1002 1410 1040 occurrunt.
1473 997 1620 1051 ltaque
1647 997 1680 1038 οἱ
1707 997 1781 1046 μὲν
1815 994 2034 1044 ἀμαθῶς
2070 992 2184 1050 (nam

617 1073 678 1115 sic
711 1085 788 1128 pro
825 1072 1000 1122 ἀμαθεῖς
1036 1068 1307 1111 scribendum
1350 1080 1440 1109 esse
1483 1064 1756 1108 manifestum
1794 1063 1874 1121 est)
1924 1063 2025 1105 αὐτὸ
2057 1062 2187 1114 πράτ-

617 1158 754 1188 τοντες
789 1147 830 1183 et
862 1142 894 1182 οἱ
927 1139 967 1181 δὲ
1012 1138 1082 1188 ξὺν
1123 1139 1302 1190 ema-nm
1340 1137 1408 1179 καὶ
1451 1136 1562 1188 λόγῳ
1601 1134 1847 1177 reseruntur
1886 1134 1938 1176 ad
1981 1134 2187 1184 verbum,

618 1211 729 1267 quod
770 1212 812 1252 in
857 1209 1060 1265 proximis
1105 1207 1336 1250 intercidit.
1411 1204 1656 1247 Cuiusmodi
1709 1203 1788 1246 hoc
1835 1203 2009 1246 verbum
2059 1203 2189 1246 suerit

616 1282 740 1338 plane
783 1279 999 1322 declarant
1033 1291 1139 1333 quae
1181 1283 1446 1332 sequuntur:
1496 1287 1647 1330 nempe
1677 1276 1812 1323 ἡλιοῦν
1855 1279 1929 1315 aut
1977 1273 2186 1326 ἡλιάζειν,

617 1358 665 1394 ut
696 1355 788 1407 post
828 1362 986 1405 pauca,
1035 1347 1108 1388 ubi
1150 1346 1222 1388 dat
1268 1350 1490 1402 praecepta
1536 1343 1650 1385 illius
1692 1344 1783 1392 rei,
1816 1356 1899 1398 qua
1931 1342 1982 1384 de
2018 1344 2186 1397 agitur,

618 1420 792 1463 scribit:
838 1417 1087 1467 ἡλιωτέοι
1121 1416 1161 1457 δὲ
1191 1417 1224 1457 οἱ
1257 1414 1579 1468 φλεγματώδεις
1620 1414 1808 1463 μᾶλλον,
1841 1417 1883 1453 et
1916 1412 2072 1453 iterum
2117 1411 2186 1452 καὶ

619 1489 910 1540 miodo-em
942 1488 976 1529 οἱ
1009 1486 1083 1536 μὲν
1115 1486 1353 1537 προήκοντες
1385 1483 1500 1535 ἀργοὶ
1536 1482 1709 1532 κείμενοι
1743 1482 1828 1523 κτέ.
1891 1480 2080 1522 Insolare
2111 1480 2189 1522 La-

617 1562 706 1604 tine
737 1559 924 1606 dicitur‚
967 1555 1008 1596 id
1049 1560 1113 1598 est
1151 1554 1249 1596 solis
1290 1553 1421 1595 radiis
1455 1559 1492 1594 et
1521 1552 1653 1594 aestui
1695 1565 1910 1607 exponere.
1974 1549 2082 1602 Quid
2114 1549 2190 1604 igi-

615 1637 689 1674 tur
722 1629 887 1670 dixerat
920 1623 1236 1667 Philostratus?
1300 1621 1413 1664 Nihil
1443 1623 1555 1664 enim
1596 1620 1811 1677 praecedit
1855 1625 2023 1676 praeter
2062 1619 2189 1671 θέρους

616 1701 674 1744 δέ.
740 1697 910 1740 Faciam
956 1701 1002 1737 ut
1051 1696 1172 1736 scias.
1236 1692 1420 1734 Retrahe
1463 1691 1546 1733 huc
1591 1704 1642 1733 ex
1682 1689 2032 1732 antecedentibus
2082 1689 2188 1736 εἴδηε

617 1767 834 1827 praecedit
874 1766 987 1808 enin]
1032 1766 1102 1806 τοῦ
1146 1762 1406 1814 παγκρατίου
1439 1762 1494 1803 τα
1540 1760 1632 1813 ὀρθοὶ
1679 1760 1807 1808 εἴδη.
1852 1760 1979 1812 θέρους
2028 1758 2098 1808 δέ,
2141 1771 2190 1800 ac

618 1838 713 1880 vide
758 1850 809 1878 an
859 1849 909 1878 ex
952 1839 1315 1876 ΕΙΔΗΘΕΡΟΤΣ
1361 1831 1588 1887 fugitivum
1635 1829 1810 1871 verbum
1852 1842 1900 1871 ac
1942 1828 2080 1870 latens
2121 1827 2189 1869 de·

617 1906 824 1964 prendere
857 1905 1005 1960 possis.
1069 1903 1179 1945 Ecce
1212 1903 1392 1944 emicat:
1436 1901 1779 1952 εἱληθεροῦσι
1825 1898 1865 1940 δὲ
1906 1899 1938 1940 οἱ
1971 1898 2046 1948 μὲν
2076 1898 2191 1948 ἀμα-

619 1979 689 2024 θῶς
737 1976 837 2017 αὐτὸ
883 1973 1134 2026 πράττοντες
1188 1972 1273 2013 κτὲ.
1349 1971 1426 2012 Est
1474 1970 1585 2012 enim
1630 1970 1844 2021 εἱληθερεῖν
1904 1967 2014 2009 idem
2064 1972 2191 2022 atque

619 2049 778 2095 ἡλιοῦν,
811 2041 1168 2099 quemadmodum
1203 2041 1490 2092 εἱληθερεῖσθαι
1520 2053 1595 2094 pro
1623 2039 1852 2088 ἡλιοῦσθαι,
1880 2037 2072 2086 insolari,
2106 2036 2191 2079 dici

618 2116 737 2159 solet.
802 2114 957 2156 Mirum
992 2111 1109 2153 dictu
1147 2115 1210 2152 est
1258 2122 1362 2165 quas
1409 2108 1569 2151 soleant
1612 2107 1777 2151 scribae
1825 2106 1970 2149 turbas
2014 2106 2115 2148 dare
2147 2107 2190 2148 in

617 2184 703 2233 εἵλη
738 2189 780 2226 et
818 2184 870 2224 iis
898 2180 1124 2230 omnibus,
1158 2192 1266 2235 quae
1296 2192 1345 2220 ex
1377 2191 1424 2220 eo
1459 2178 1629 2220 nomine
1664 2177 1844 2219 formata
1877 2182 1972 2218 sunt
2007 2182 2048 2218 et
2080 2189 2190 2218 com-

617 2256 767 2312 posita.
832 2253 942 2294 Raro
987 2251 1078 2292 sine
1121 2249 1231 2292 malo
1264 2249 1420 2290 abeunt
1452 2247 1616 2297 ἀειλος,
1649 2247 1830 2298 εὕειΜς,
1863 2246 2100 2299 πρόσειλος,
2135 2247 2190 2288 εἱ-

617 2325 782 2377 ληθερής
817 2328 858 2365 et
891 2318 1117 2371 εἱληθερεῖν.
1183 2318 1393 2360 Substitui
1427 2318 1480 2359 iis
1510 2317 1666 2359 formas
1699 2317 1872 2358 vitiosas
1903 2316 2040 2363 εὔελος
2060 2348 2069 2364 ,
2102 2315 2190 2363 εὔη-

617 2406 715 2443 λος,
760 2392 957 2445 πρόσηλος
997 2391 1038 2431 in
1079 2389 1206 2431 Novis
1248 2387 1380 2429 Lectt.
1425 2386 1703 2428 ostendimus,
1768 2385 2052 2428 Philostratus
2100 2385 2192 2440 ipse

619 2466 661 2506 in
696 2463 853 2505 vicinia
895 2461 957 2503 sic
990 2463 1217 2514 corruptus
1259 2456 1361 2499 fuit:
1411 2457 1452 2497 in
1497 2454 1739 2511 apographo
1776 2456 1889 2496 enim
1934 2460 2025 2497 est:
2073 2454 2190 2507 ἀργοὶ

620 2534 792 2584 κείμενοι
835 2530 903 2572 καὶ
948 2529 1203 2581 modo-‘anot
1248 2527 1362 2569 κατα
1393 2526 1532 2568 ταῦτα
1578 2525 1678 2580 (τοῖς
1711 2523 1968 2581 addendum)
2003 2524 2192 2575 ὠπτημέ-

620 2619 696 2650 von,-
733 2602 834 2659 (imo
867 2612 964 2641 vero
995 2596 1256 2653 ἐπτωμέικοις)
1280 2630 1290 2647 ,
1326 2595 1396 2638 sed
1431 2595 1581 2637 Editor
1610 2600 1725 2637 recte
1756 2594 1957 2647 πρόσειλοι
1992 2594 2190 2636 correxit.

620 2673 666 2715 In
702 2669 878 2725 reliquis
910 2668 1093 2723 genuina
1138 2667 1351 2721 scriptura
1393 2669 1456 2706 est
1497 2662 1584 2712 εἶ’λη
1630 2663 1727 2721 (non
1768 2662 1872 2720 εἵλη)
1908 2669 1949 2705 et
1989 2664 2192 2716 εἱληθερής

620 2748 659 2784 et
696 2741 922 2791 εἱληθερεῖν.
986 2736 1115 2779 Nihili
1149 2741 1249 2777 sunt
1281 2735 1519 2790 scripturae
1563 2733 1789 2786 εἶληθερές,
1834 2732 2046 2785 εἷλιθερές,
2090 2734 2191 2775 ἐλει-

620 2811 723 2863 θερές
743 2843 752 2859 ,
792 2807 959 2860 ἕλιθερές
980 2840 991 2855 ,
1037 2807 1249 2858 εἱληθερεῖν
1269 2838 1278 2853 ,
1322 2804 1564 2855 ἐλιθερείσθω
1584 2836 1594 2854 ,
1627 2808 1668 2845 et
1701 2803 1796 2844 sim.
1864 2803 2076 2858 Antiquae
2109 2801 2190 2843 sor·

620 2893 714 2922 mae
755 2883 854 2920 sunt
897 2876 1089 2918 Aeolicae
1127 2888 1175 2916 ac
1211 2874 1388 2916 Doricae
1426 2872 1566 2923 Ρέλα,
1617 2872 1727 2914 unde
1775 2871 1885 2927 apud
1929 2870 2189 2928 Hesychium

620 2949 784 2991 Βέλάτ
820 2946 926 2995 ἥλιος
959 2946 1026 2987 καὶ
1062 2945 1202 2996 αὐγή,
1237 2949 1278 2986 ct
1315 2943 1511 2986 Γέλανῑ
1561 2942 1693 2993 αὐγὴν
1726 2942 1866 2992 ἡλίου,
1909 2946 1948 2984 ct
1994 2940 2190 2982 Βελλά·
