2366 3540
1405 269 1456 308 12

655 382 722 425 ἐπ’
755 382 933 437 αἰσχύνῃ
964 384 1130 431 αἱῶνοςς
1167 382 1294 437 Atqui
1325 381 1448 423 modo
1480 381 1645 424 dixerat
1693 380 1910 438 Olympiae
1941 383 2048 425 nihil
2079 383 2223 426 huius-

655 451 769 494 modi
802 452 892 494 fieri
927 452 1075 494 solere.
1143 449 1223 492 Sed
1259 463 1342 492 non
1376 449 1454 492 hoc
1486 463 1599 492 nunc
1647 463 1798 505 urgeo,
1840 464 1989 494 verum
2030 452 2072 494 id
2115 452 2225 508 quod

654 521 826 563 additur
857 522 922 563 ἐπ’
954 520 1132 573 αἰσχύνῃ
1169 520 1323 567 αἰῶνος.
1388 518 1498 572 Quid
1528 518 1633 569 1106,
1668 532 1850 575 quaeso,
1883 521 1973 562 est?
2009 522 2224 574 Quomodo

654 589 756 631 haec
801 589 926 632 verba
973 589 1166 644 componi
1216 589 1421 644 possunt?
1488 588 1660 632 Scilicet
1705 588 1808 631 haec
1849 594 1978 640 sunt,
2027 597 2072 632 ut
2117 580 2223 634 Galli

653 658 876 700 iocantur:

832 728 942 770 deux
973 733 1078 769 mols
1109 730 1193 784 fort
1227 729 1390 770 e'lonnc's
1419 727 1469 769 de
1500 741 1543 770 se
1575 734 1738 770 trouver
1770 726 1986 768 enscmble.

712 796 821 838 Num
869 798 991 846 αἰών,
1035 796 1076 838 id
1119 802 1183 838 est
1222 796 1334 838 ὂοέεὶ
1381 796 1552 849 χρόνος,
1599 796 1880 848 αἱσχύνεταιῗ
1929 795 2038 837 Num
2081 812 2224 838 καται-

653 865 884 918 σχύνεταιῗ
934 865 1024 907 Non
1058 866 1118 906 sic
1161 871 1201 906 te
1239 864 1446 920 expedies.
1512 865 1726 917 Quomodo
1761 864 1922 920 igitur?
1974 864 2099 907 Verte
2132 865 2224 908 Gal-

652 934 732 976 lice
769 940 811 976 61
845 933 1017 976 habebis
1059 933 1286 976 locutionis
1331 939 1372 976 et
1405 947 1579 976 sensum
1612 940 1653 976 61
1691 935 1913 989 originem.
1987 934 2222 989 Interpres:

655 1003 770 1055 »Que
817 1016 869 1045 ne
900 1016 944 1046 56
988 1004 1196 1059 passerait
1228 1003 1258 1045 il
1301 1003 1408 1045 donc
1452 1015 1525 1058 pas
1569 1016 1621 1045 en
1654 1004 1772 1045 Ionie
1802 1028 1862 1033 —
1890 1003 1914 1044 ὰ
1945 1003 1985 1044 la
2018 1003 2138 1045 home
2169 1004 2225 1044 da

652 1072 856 1115 siecle?”
921 1073 1006 1115 Hoc
1046 1073 1147 1128 quid
1181 1074 1236 1115 sit
1277 1073 1557 1128 intelligimus
1589 1078 1630 1114 61
1672 1072 1820 1114 Latine
1853 1084 2020 1126 quoque
2062 1073 2123 1114 516
2166 1072 2223 1114 lo·

651 1147 845 1198 quuntur
882 1155 1048 1192 omnes,
1084 1148 1130 1184 111
1162 1155 1230 1185 res
1260 1142 1469 1198 flagitiosa
1508 1155 1556 1184 ac
1587 1142 1727 1198 turpis
1755 1140 1909 1183 saeculi
1929 1140 2103 1183 dedecus
2133 1154 2225 1184 esse

650 1211 848 1262 dicatur,
892 1225 999 1267 quae
1045 1212 1240 1255 omnibus
1285 1213 1360 1268 qui
1392 1211 1462 1254 illo
1507 1211 1702 1261 saeculo,
1752 1210 1821 1252 illa
1863 1215 2000 1252 aetate
2040 1211 2225 1253 vixerint

651 1280 833 1324 dedecus
862 1288 902 1323 61
938 1281 1156 1324 infamiam
1195 1282 1456 1338 adspersisse
1488 1281 1668 1323 dicatur.
1735 1279 1815 1322 Sed
1849 1279 2005 1322 Graece
2033 1280 2092 1321 sic
2126 1281 2224 1336 poni

649 1364 773 1407 posse
811 1351 930 1402 αἰών,
973 1357 1014 1394 et
1046 1353 1111 1393 ἐπ’
1150 1352 1328 1406 αἰσχύνῃ
1359 1352 1495 1397 αἰῶνος
1529 1349 1592 1392 vel
1633 1352 1703 1392 τοῦ
1737 1351 1872 1395 αἰῶνος
1907 1348 2068 1403 aliquid
2112 1351 2224 1392 acci-

649 1418 762 1462 disse
794 1419 878 1461 dici
911 1433 1034 1463 nemo
1071 1420 1135 1463 vel
1169 1420 1441 1462 mediocriter
1479 1419 1636 1461 Graece
1677 1418 1827 1459 doctus
1864 1417 1905 1458 in
1935 1418 2128 1459 animum
2162 1419 2223 1460 in-

649 1488 776 1530 ducet
823 1494 871 1531 111
903 1489 1060 1531 credat.
1127 1489 1207 1541 Qui
1239 1489 1317 1531 hoc
1361 1501 1622 1544 concoquere
1665 1488 1823 1543 poterit
1864 1487 1992 1529 etiam
2041 1486 2222 1529 Simoni-

649 1556 776 1600 deum
808 1558 921 1600 κατοὶ
953 1560 1025 1607 τὴν
1065 1559 1165 1610 ἐμὴν
1196 1559 1304 1601 ἰδέαν
1345 1559 1452 1615 ferri
1492 1572 1614 1614 posse
1655 1556 1833 1613 putabit.
1898 1555 2034 1599 Verba
2072 1558 2112 1598 ἐν
2153 1562 2221 1600 Ὀ-

647 1628 815 1682 ).υμπιά
848 1629 912 1670 ἐπ’
943 1628 1119 1683 αἰσχύνῃ
1155 1629 1291 1676 αἰῶνος
1329 1629 1477 1685 Mynas
1517 1627 1567 1670 de
1600 1640 1674 1668 Suo
1715 1625 1844 1668 dedit.
1907 1625 2065 1667 Eodem
2100 1626 2223 1668 modo

650 1696 695 1738 in
722 1709 769 1739 60
801 1696 918 1746 1060,
951 1697 1064 1738 unde
1101 1698 1184 1739 orsi
1222 1711 1400 1747 sumus,
1443 1695 1570 1739 verba
1611 1698 1680 1738 οὐκ
1717 1694 1891 1744 ἀπαξιοῖ
1917 1695 1960 1736 τί
2003 1711 2078 1745 σε,
2111 1695 2221 1749 ἔφη,

649 1770 725 1807 τῶν
759 1766 906 1814 ἑαυτῆς
939 1767 1130 1808 παιδικῶν
1162 1771 1331 1808 νικῶντα
1369 1765 1636 1818 Ὀλυμπίαζε
1679 1778 1762 1806 non
1803 1763 2057 1806 Philostrato
2092 1765 2222 1806 maxi·

648 1847 761 1877 mam
808 1840 972 1890 partem
1015 1835 1088 1878 sed
1125 1836 1274 1892 Mynae
1323 1834 1546 1877 debentur.
1624 1833 1733 1886 Quid
1772 1834 1827 1874 sit
1870 1834 1913 1874 in
1960 1832 2028 1875 his
2075 1834 2220 1888 genui-

650 1917 751 1946 num
787 1909 828 1946 et
860 1903 1067 1959 quomodo
1115 1918 1164 1947 ex
1209 1904 1292 1946 11115
1335 1905 1425 1960 ipsa
1467 1903 1686 1959 Sopliistae
1732 1916 1884 1944 manus
1926 1903 2221 1944 reconcinnari

650 1974 809 2029 possit,
858 1974 894 2015 is
939 1973 1051 2015 dicet
1095 1974 1166 2028 qui
1210 1973 1405 2016 Codicem
1451 1973 1677 2028 aliqnando
1728 1972 1908 2014 eruditis
1953 1971 2087 2013 oculis
2129 1985 2219 2027 per·

648 2042 925 2085 scrutabitur.
991 2042 1076 2084 Hoc
1112 2041 1246 2084 solum
1287 2043 1329 2083 111
1373 2042 1443 2084 illa
1475 2043 1656 2097 caligine
1698 2041 1874 2096 dispicio
1902 2057 1940 2082 τι
1975 2053 2220 2096 expungen—

649 2111 749 2154 dum
796 2125 888 2154 esse
935 2117 976 2154 et
1020 2113 1167 2167 utique
1213 2114 1384 2154 νικῶντα
1429 2112 1649 2163 Ὀλύμπια
1689 2108 1994 2166 reponendum.
2061 2110 2220 2152 Graeca

648 2186 760 2224 esset
791 2182 926 2224 oratio
968 2182 1029 2223 516
1062 2180 1350 2224 conformata:
1399 2183 1469 2224 οὐκ
1501 2180 1676 2230 ἀπαξιοῖ
1711 2197 1756 2221 σε
1799 2180 1971 2231 ἐραςήν,
2015 2178 2122 2232 ἔφη,
2164 2195 2218 2221 νι-

647 2255 781 2292 κῶντα
823 2251 1057 2302 Ὀλύμπια.
1124 2249 1204 2292 Sed
1238 2250 1343 2292 nihil
1387 2250 1497 2306 quod
1541 2250 1644 2292 salis
1687 2254 1852 2291 certum
1895 2248 2026 2290 511111
2064 2246 2218 2290 talibus

647 2319 815 2361 deliniri
850 2325 986 2376 potest
1013 2319 1171 2375 absque
1203 2319 1466 2375 autographo
1499 2319 1662 2362 Codice.
1728 2318 1848 2360 Valet
1881 2318 1922 2359 in
1953 2316 2020 2359 1115
2051 2330 2217 2372 1111011116

646 2388 976 2432 Α10111111611611111
1010 2388 1141 2430 illud:
1182 2389 1262 2436 Δός
1295 2404 1362 2440 μοι
1396 2392 1472 2430 ποῦ
1504 2393 1572 2433 ςῶ.

704 2458 843 2501 Redeo
875 2471 989 2501 nunc
1023 2457 1074 2500 ad
1105 2457 1198 2500 illos
1231 2458 1373 2507 locos,
1410 2457 1480 2499 11111
1526 2455 1694 2499 Codicis
1738 2455 1961 2499 lectionem
1994 2455 2214 2511 indiligen-

647 2532 712 2568 ter
741 2533 782 2569 et
811 2528 1007 2583 imperite
1050 2527 1306 2583 descriptam
1343 2540 1433 2570 esse
1475 2526 1684 2582 suspicor.
1749 2526 1818 2567 Bis
1850 2526 1997 2583 Mynas
2038 2525 2213 2567 verbum

644 2595 785 2649 ςέφειν
826 2596 971 2638 intulit
1014 2596 1085 2638 ubi
1127 2597 1172 2638 ἐκ
1203 2602 1280 2639 τῶν
1311 2596 1658 2651 συμφραζομένων
1698 2608 1796 2637 vera
1840 2595 2052 2649 scriptura
2101 2593 2216 2636 nullo

644 2667 814 2720 negotio
863 2667 1123 2722 quicumque
1165 2665 1242 2708 hoc
1289 2672 1387 2722 aget
1441 2665 1621 2709 feliciter
1668 2670 1816 2713 eruet,
1864 2663 2122 2719 eademque,
2167 2669 2214 2705 ut.

643 2735 865 2790 suspicor,
913 2748 934 2777 e
974 2734 1146 2784 Codice,
1186 2736 1221 2776 si
1259 2735 1426 2791 quando
1451 2735 1729 2790 inspicietur,
1762 2734 1853 2775 sinc
1886 2732 2038 2774 mendo
2072 2731 2212 2788 prodi-

641 2802 715 2845 bit.
781 2804 955 2860 Legitur
998 2818 1036 2860 p.
1071 2807 1153 2848 84:
1199 2803 1263 2852 οὓς
1293 2806 1326 2847 δ’
1358 2805 1408 2848 ἂν
1449 2805 1604 2857 ςέφοι
1653 2804 1810 2854 οέγανία
1850 2802 1990 2844 λεπτοὶ
2019 2802 2095 2852 μὲν
2123 2802 2210 2844 τού·

641 2889 721 2920 τοις
755 2875 951 2926 ὑπωπία,
984 2875 1118 2923 λεπτὴ
1151 2875 1191 2916 δὲ
1221 2875 1390 2925 πήδησις
1423 2874 1588 2928 καρδίας
1623 2874 1710 2916 κτέ,
1746 2873 1959 2928 lntcrpres
1991 2870 2209 2926 1111505111-

642 2948 764 2989 catur
798 2944 896 2988 mali
929 2950 968 2988 et
1016 2946 1073 2988 ita
1105 2944 1256 2989 vertit:
1308 2945 1445 2988 »Ceux
1486 2944 1558 3000 qni
1596 2948 1687 2986 sont
1715 2957 1819 2999 pour
1852 2942 1958 2985 ‹u'nsi
1997 2940 2085 2983 dire
2114 2954 2210 2984 cou-
