2366 3540
937 279 990 319 29

172 394 332 437 dieitur
375 406 479 448 quae
523 391 587 434 vel
617 391 692 435 illo
731 398 885 435 tacente
916 391 1148 448 intelliqere
1179 392 1396 435 debuisset.
1461 392 1597 436 Satin’
1631 406 1743 436 nune

170 462 444 505 manifestum
479 467 545 504 est
576 461 859 515 γυμνάζεσθαι
904 475 977 518 pro
1009 462 1251 513 γιγνώσκειν
1287 475 1378 505 esse
1426 461 1576 519 Mynae
1610 461 1742 504 hallu-

169 532 354 574 cinantis
387 531 765 587 supplementum?
800 537 842 574 et
875 531 977 587 quid
1008 531 1138 573 facias
1181 532 1305 573 istius
1337 546 1442 574 novo
1475 537 1743 582 commento,

168 600 280 656 quod
311 600 444 643 edidit
480 601 595 656 ipse:
628 601 815 654 ἀγνωσίᾳ
842 603 884 642 οὐ
918 601 1203 653 προειπόντοςῗ
1248 601 1328 643 Sed
1362 607 1408 644 ut
1439 602 1479 643 in
1514 615 1558 644 re
1585 601 1744 657 perspi-

167 684 248 713 cua
283 670 460 713 verbum
495 684 577 711 non
611 670 794 725 amplius
827 669 948 711 addo.

224 741 284 783 Ea
318 753 426 796 quae
465 740 668 781 continuo
700 744 940 794 sequuntur
973 751 1102 781 sensu
1134 738 1257 794 plane
1299 752 1418 780 cassa
1461 743 1577 781 sunt.
1644 740 1745 782 Per-

163 808 272 852 didit
315 821 484 864 operam
528 807 678 850 Editor
720 821 851 863 quum
889 821 964 864 pro
1002 809 1249 857 ἀδιοινοητοις
1298 807 1436 850 hisee:
1483 809 1744 856 ἀπάιδεύτοις

163 882 321 930 γυμνοῦ
366 878 515 930 μετρίῳ
547 878 667 920 πάθει
712 877 961 920 substituit:
1004 878 1267 925 ἀπαιδεύτοις
1306 881 1465 929 γυμνοῦ
1506 880 1548 920 οὐ
1595 878 1743 931 μέτριά

162 947 272 996 πάθη
317 960 365 990 ac
412 946 520 988 hona
567 946 646 989 fide
694 947 876 990 credidit
925 948 1005 990 ista
1051 948 1317 1003 significare:
1372 948 1483 990 »des
1526 948 1745 990 accidents

163 1030 313 1072 graves
348 1023 532 1072 peuvent
568 1016 676 1059 dene
709 1031 759 1059 en
796 1017 978 1059 resulter
1010 1030 1086 1073 par
1116 1017 1156 1059 la
1186 1016 1302 1059 faute
1349 1017 1441 1074 [des
1475 1017 1738 1075 gymnastes]

163 1086 548 1141 inexperimeMeS,
592 1092 634 1128 et
678 1087 749 1143 qui
785 1101 836 1129 ne
867 1095 956 1129 sont
989 1102 1069 1143 pas
1102 1087 1292 1142 capables
1330 1087 1380 1128 cle
1415 1088 1669 1128 reconnailre
1703 1087 1744 1128 la

163 1156 307 1198 valent·
338 1156 438 1197 d’un
474 1156 627 1198 athlete
672 1157 777 1198 ηιι.”
842 1156 1049 1211 Pleraque
1092 1156 1218 1206 haec,
1267 1161 1315 1197 ut
1347 1155 1492 1203 vides,
1529 1155 1580 1197 de
1612 1155 1743 1197 nihilo

166 1224 265 1267 fieta
312 1232 413 1268 sunt
446 1231 488 1267 et
534 1225 596 1268 vel
630 1226 691 1268 sic
738 1231 882 1268 tamen
907 1225 1145 1274 ἀδιανόητα.
1211 1224 1293 1267 Sed
1328 1231 1546 1280 praetereo
1578 1224 1742 1267 locum:

162 1295 291 1343 πηλὸς
325 1294 407 1346 γάρ
441 1296 535 1339 ἐςιν.

223 1364 269 1405 In
303 1365 458 1406 vicinia
493 1365 695 1419 leguntur
729 1365 931 1408 nonnulla
966 1378 1074 1421 quae
1106 1364 1446 1408 emendationem
1480 1363 1741 1414 admittunt,

164 1434 363 1488 quoniam
406 1434 553 1490 lllynas
593 1435 634 1475 in
675 1435 856 1490 singulis
889 1441 1054 1477 tantum
1090 1434 1306 1476 vocabulis
1337 1435 1528 1489 impegit.
1594 1434 1742 1489 Itaque

163 1516 271 1558 quae
312 1516 413 1544 sana
452 1509 551 1545 sunt
583 1504 635 1545 ad
668 1504 931 1546 emendanda
975 1505 1124 1547 vitiosa
1168 1504 1302 1546 facem
1340 1503 1601 1559 praeferunt.
1668 1503 1740 1545 Le-

162 1572 347 1627 gendum
382 1578 474 1622 est,
519 1579 564 1615 ut
604 1587 734 1629 supra
770 1574 1068 1623 ostendimus,
1117 1588 1158 1630 p.
1189 1577 1270 1623 92,
1308 1576 1383 1615 12:
1417 1574 1450 1615 οἱ
1484 1574 1524 1615 δὲ
1555 1572 1739 1625 ἀσπαζό-

161 1658 276 1694 μενοι
311 1643 389 1690 τοὶς
432 1643 633 1695 τετράδας
671 1644 714 1686 τι’
743 1644 967 1696 χρησοντοιι
998 1647 1147 1691 άύτάῖς
1179 1645 1219 1689 ἐς
1266 1643 1567 1694 Ὀλυμπιόον
1607 1643 1740 1693 ἥκον-

161 1726 257 1760 τες;
300 1711 461 1754 Deinde
495 1714 551 1754 ita
586 1714 754 1768 pergit:
789 1714 884 1764 πάρ’
932 1710 986 1760 οἷς
1019 1714 1122 1760 κόνις
1170 1715 1245 1764 μὲν
1279 1713 1418 1754 ὂποίοον
1455 1712 1624 1764 εἴρηκά,
1666 1728 1739 1762 γυ-

162 1782 321 1833 μνάσιά
369 1783 409 1824 δὲ
454 1782 817 1834 προστεταγμένοι.
888 1782 1092 1835 Γυμνάζει
1140 1783 1181 1825 δὲ
1213 1784 1230 1824 ὂ
1264 1783 1551 1830 Ἑλληνοδίκης
1595 1783 1637 1823 οὐ
1686 1788 1737 1834 τῇ

163 1852 368 1904 προρρήσει
401 1853 501 1894 ἀλλ’
534 1852 898 1905 ἕπεο-χεδιοισμένοο
939 1852 1081 1894 πάντά
1116 1854 1170 1905 τῷ
1211 1855 1332 1905 κοιιρῷ
1365 1851 1544 1903 μάςιγος
1578 1852 1646 1892 ux}
1682 1851 1737 1903 τῷ

162 1928 357 1975 γυμνάς-ᾖ
391 1922 702 1973 ἀπηρτημένης,
745 1921 792 1965 ἵν’
838 1921 876 1964 εἴ
912 1938 951 1964 τι
997 1923 1322 1974 πάροικελεύουσι
1365 1921 1600 1974 πράττοιτο.
1665 1927 1738 1962 Κε-

161 1991 323 2033 λεύουσι
356 1991 397 2032 δὲ
429 1993 728 2044 ἀπαραίτητοι,
771 1994 821 2039 ὡς
854 1992 1200 2044 παραιτουμένους
1237 1994 1376 2033 now
1415 1988 1564 2041 ἕτοιμοι
1613 1991 1738 2040 ὀλυμ-

161 2061 261 2103 πίων
289 2060 508 2113 εἴργεσθοιι.
573 2062 686 2103 Haec
718 2062 860 2102 omnia
893 2067 1007 2103 recte
1040 2066 1082 2103 et
1114 2061 1261 2103 ordine
1301 2060 1536 2116 procedunt
1569 2065 1738 2115 praeter

161 2129 342 2180 ultima,
388 2143 496 2185 quae
537 2130 752 2186 Interpres
782 2131 842 2172 sie
886 2131 1071 2186 aceepit:
1118 2130 1487 2185 »L’hellenodique
1520 2129 1637 2184 regle
1678 2129 1738 2172 les

161 2200 376 2242 exereiees
406 2225 542 2232 ———
574 2214 617 2243 sa
646 2214 772 2256 verge
804 2205 867 2242 est
900 2201 1040 2243 meme
1071 2200 1300 2255 suspendae
1331 2214 1403 2241 sur
1430 2200 1468 2242 le
1497 2206 1735 2256 qymnasle,

162 2268 245 2311 afin
289 2269 392 2324 qu’il
436 2272 548 2326 fasse
592 2284 639 2312 ce
681 2271 754 2326 qui
797 2276 860 2312 est
899 2270 1124 2326 pre'scre't.’'
1189 2270 1306 2311 Fecit
1354 2268 1463 2324 quod
1508 2270 1645 2325 potuit
1689 2274 1736 2311 ut

160 2339 450 2391 ἀπηρτημένης
494 2339 703 2382 redderet.
767 2339 916 2395 Itaque
959 2346 1006 2381 ut
1048 2339 1236 2382 Damoeli
1279 2339 1478 2394 gladius,
1523 2340 1583 2381 sic
1616 2352 1736 2396 gym-

162 2414 309 2450 nastae
366 2409 583 2451 imminere
643 2415 845 2451 narratur
893 2412 914 2458 ἡ
971 2412 1042 2452 τοῦ
1088 2409 1370 2457 Ἑλληνοδίκου
1423 2408 1570 2459 μάςιέξ.
1644 2409 1737 2451 Noli

162 2478 394 2533 quidquam
425 2478 578 2521 horum
611 2479 783 2521 credere
804 2513 813 2529 ,
848 2479 920 2522 sed
959 2493 1111 2534 repone
1141 2479 1320 2529 μάςιγος
1353 2479 1421 2520 καὶ
1454 2480 1508 2531 τῷ
1539 2485 1735 2532 >fumeae-125

160 2548 595 2600 παρηρτημένης.
667 2549 774 2591 Noto
815 2563 895 2591 usu
951 2548 1157 2604 quidquid
1201 2563 1222 2591 e
1263 2548 1434 2603 cingulo
1479 2562 1735 2604 suspensum

162 2623 225 2659 est
270 2617 431 2659 dicitur
470 2620 778 2670 πάρηρτῆο-θάι,
822 2619 1069 2674 saepissime
1107 2619 1152 2660 τὸ
1193 2617 1312 2670 ξίφος
1354 2619 1422 2660 καὶ
1457 2620 1478 2667 ἡ
1520 2618 1731 2670 μάχαιραι.

163 2686 232 2729 Sic
279 2688 413 2742 igitur
463 2689 704 2745 gymnastis
751 2687 970 2746 Olympiae
1019 2688 1153 2739 μάςιξ
1201 2689 1444 2741 παρήρτητο.
1524 2687 1610 2729 Non
1654 2688 1736 2743 ipsi

162 2757 273 2799 enim
300 2757 576 2812 vapulabant,
610 2758 680 2799 sed
713 2758 867 2801 athleta
905 2757 1132 2813 indiligens
1160 2764 1232 2799 aut
1274 2772 1353 2800 non
1385 2757 1488 2799 satis
1521 2757 1634 2798 dicto
1663 2771 1733 2799 au-

162 2826 295 2868 diens.
361 2826 497 2868 Simul
538 2828 794 2881 intelligitur
833 2827 1001 2870 verbis:
1052 2827 1159 2869 »alin
1198 2828 1324 2883 qu’ils
1366 2827 1523 2868 lassent
1571 2840 1617 2868 ee
1660 2827 1733 2882 qui

162 2902 224 2938 est
258 2896 484 2951 preserit’'
530 2896 636 2938 nihil
684 2911 775 2940 esse
822 2899 863 2940 in
909 2897 1082 2940 Graecis
1130 2897 1281 2939 simile.
1346 2896 1434 2938 Nisi
1468 2895 1575 2938 sorte
1620 2895 1736 2938 lubet

163 2965 335 3008 credere
367 2964 430 3008 ἵνοι
460 2966 680 3020 πράττοιτο
715 2968 861 3012 eodem
907 2981 1034 3011 sensu
1075 2967 1158 3010 diei
1200 2973 1326 3022 atque
1359 2965 1422 3009 ἵνά
1462 2966 1659 3018 mimz,
1693 2972 1734 3009 et
