2316 3491
913 247 960 285 61

163 373 201 415 p.
225 359 323 417 40):
361 358 505 418 (s'vlux)
542 358 678 408 ποέλην
713 361 1011 410 Ἀμησίνως
1047 364 1267 413 Raptum-5,
1300 358 1340 405 ὃς
1369 361 1570 411 βουκολεῖ-ν
1601 362 1730 414 τκύρερ

161 429 417 482 ἐγυμνάζετο
451 427 490 470 ἓν
529 430 597 470 uxi
642 431 696 477 εἰς
738 435 871 472 Πῖσαν
915 430 1091 479 ἀγωγῶν
1137 429 1465 480 συνεγυμνάσθη.
1531 431 1639 482 Quid
1673 430 1730 473 la-

161 504 245 540 teat
281 500 322 540 in
356 499 556 547 Ἀλησίας
591 504 631 541 et
664 500 892 550 ’Λμησίνκς
929 498 1145 553 indagabit
1179 498 1356 541 sortasse
1390 499 1510 541 alius.

218 567 336 609 Clara
371 567 440 609 lux
475 568 648 622 affulget
682 582 720 623 p.
748 571 799 609 74
836 574 874 609 ct
913 571 979 608 75.
1018 568 1087 608 uhi
1119 567 1255 610 Codex
1286 569 1549 611 Monacensis
1584 570 1731 626 Mynac

155 650 321 679 errores
376 643 450 679 aut
497 637 671 692 impedit
723 643 796 678 aut
857 637 1049 691 corrigit.
1128 636 1233 678 Leve
1283 638 1482 679 mendum
1539 645 1731 694 superest

154 720 191 760 p.
226 710 309 754 74,
351 709 403 747 5:
454 707 590 754 ἐπειδὴ
635 711 905 755 κολκκευτική
950 721 1010 755 *γε
1055 706 1343 758 ἑγκκτελέχθη
1377 713 1427 759 τῇ
1472 715 1725 761 γυμνκςικῇ.

151 775 366 817 Dissident
413 775 454 816 iu
501 792 547 816 τε
582 781 622 818 et
663 792 726 826 γε.
793 775 1031 830 Utrumque
1076 775 1325 818 mendosum
1372 781 1436 817 est
1478 789 1526 818 ac
1579 783 1623 818 tu
1669 790 1729 819 re-

151 844 288 886 scribe
322 846 594 894 κολακευτική
625 862 708 893 τις
742 846 1047 898 ἐγκατελέχθη.

211 913 290 956 Ubi
322 914 585 956 Monacensis
629 915 736 957 liber
770 929 844 957 nos
878 914 1072 957 destituit
1120 915 1274 957 iterum
1311 914 1522 970 pullulant
1555 915 1728 959 malesa-

150 997 229 1026 nae
262 983 465 1026 lectiones
501 998 536 1038 p.
574 987 657 1035 76,
697 989 763 1028 10.
799 999 889 1041 sqq.
927 984 977 1026 de
1008 983 1162 1040 quibus
1196 997 1323 1039 supra
1361 984 1562 1027 diximus.

210 1056 401 1109 Agnosco
430 1053 735 1096 Philostratum
766 1056 806 1096 in
839 1055 989 1096 vitioso
1019 1067 1096 1096 usu
1124 1054 1387 1109 pronominis
1414 1053 1555 1107 σφίσιν
1591 1068 1626 1109 p.
1650 1059 1727 1104 78,

153 1126 228 1165 17:
274 1127 347 1170 τῆς
388 1124 464 1174 μὲν
509 1126 585 1165 τῶν
615 1125 800 1172 οέθλητῶν
833 1123 949 1173 δόξης
984 1123 1270 1176 ἕπιςρέφοντοιι
1298 1124 1435 1172 οὐδὲν,
1468 1127 1538 1165 τοῦ
1572 1123 1611 1165 δὲ
1644 1140 1726 1165 πω-

148 1197 234 1233 λεῖν
266 1210 312 1234 τε
346 1193 414 1235 κοιὶ
447 1196 626 1235 ὠνεῖσθαι
661 1193 888 1245 ξύμβουλοι
930 1193 1145 1243 γίγνονται
1191 1193 1399 1246 σφίσῐν,
1433 1198 1474 1234 et
1512 1206 1604 1248 pag.
1642 1197 1725 1243 58,

152 1265 233 1303 14:
268 1263 354 1305 οὐδὲ
386 1265 419 1304 οἱ
453 1263 561 1314 νόμοι
596 1264 787 1316 σφίσιν
824 1263 920 1315 ὑπὲρ
955 1267 1032 1304 τῶν
1070 1262 1255 1304 τοιούτων
1287 1261 1579 1312 διαλέγονται,
1613 1263 1724 1318 quod

149 1345 378 1386 pronomen
415 1346 488 1388 pro
521 1335 658 1379 αὐτοῖς
705 1333 887 1388 positum
925 1332 1076 1374 melius
1119 1331 1328 1374 Herodoto
1364 1337 1404 1374 et
1446 1331 1618 1373 Ionibus
1661 1346 1724 1375 re·

145 1399 369 1456 liquisset,
418 1401 468 1444 de
520 1416 602 1458 quo
654 1402 788 1445 abusu
838 1401 1023 1444 diximus
1073 1402 1116 1443 in
1166 1401 1438 1459 Muemosyne
1490 1401 1579 1443 Vol.
1614 1402 1722 1445 VIII.

148 1483 240 1525 pag.
276 1473 374 1513 166.

205 1539 454 1582 Notavimus
489 1554 619 1597 supra
653 1554 915 1597 concoquere
946 1542 1131 1597 potuisse
1163 1540 1358 1583 Editores
1390 1540 1609 1594 ἅπέχομικι
1649 1555 1723 1597 pro

144 1609 322 1661 ἀπέχω,
356 1609 593 1662 προέττομοιι
626 1624 700 1666 pro
733 1611 928 1663 προέττω,
961 1613 1212 1661 γινώσκομοιι
1246 1624 1321 1665 pro
1350 1611 1591 1661 γιγνώσκω,
1625 1625 1721 1653 con-

144 1679 278 1720 trario
327 1693 472 1722 errore
521 1680 764 1736 impingunt
823 1694 861 1735 p.
896 1683 982 1729 80,
1016 1682 1069 1722 2:
1116 1680 1420 1734 ἀφελόντες
1478 1682 1545 1722 τὸν
1587 1681 1721 1722 παῖδα

142 1749 187 1790 τὸ
221 1750 418 1799 νεοτήσιον
454 1750 674 1803 σκίρτημα.
740 1749 862 1792 Nullo
890 1755 1013 1805 paeto
1043 1756 1184 1806 potest
1230 1751 1407 1802 ἀφελεῖν
1448 1763 1522 1805 pro
1566 1750 1721 1805 ἀφελέ-

142 1819 232 1860 σθοιι
267 1818 485 1862 substitui.
551 1818 897 1876 Obtemperatum
931 1821 1119 1875 oportuit
1163 1819 1303 1862 Codici
1349 1819 1613 1870 Monacensi,
1646 1821 1719 1876 qui

142 1891 415 1941 ἀφκιροῦντοιι
451 1890 647 1931 servavit.
713 1890 815 1932 Cum
851 1890 1032 1932 caeteris
1077 1889 1389 1946 comparandus
1433 1889 1645 1944 Antiphon
1674 1890 1716 1932 in

144 1956 257 1999 Stob.
302 1958 445 2000 Floril.
476 1958 657 2001 LXVIII.
693 1962 762 2001 57.
810 1959 880 2000 fin.
924 1960 1140 2012 φροντίδων
1184 1961 1253 2009 ἤδη
1303 1957 1446 2001 votvm
1489 1959 1599 2000 πλέοι
1646 1959 1715 2001 uoci

140 2025 349 2080 ἐξοίχετοιι
399 2029 452 2070 τὸ
496 2030 776 2078 νεοτήσιον
816 2030 1092 2082 σκίρτημοι
1148 2030 1192 2071 ἐκ
1235 2035 1307 2078 τῆς
1352 2028 1530 2079 γνώμης.
1608 2029 1715 2071 Hine

143 2096 418 2152 explicuerim
480 2098 521 2140 id
579 2099 688 2154 quod
744 2099 901 2154 legitur
957 2113 996 2154 p.
1034 2102 1118 2149 66,
1164 2101 1216 2140 4:
1262 2098 1596 2150 ἁνεσκιρτηκότες
1643 2100 1715 2148 τὴν

141 2164 260 2219 ὅφιν,
304 2166 413 2222 quod
457 2181 538 2210 non
585 2168 799 2223 significat
849 2168 917 2210 »il
950 2168 1102 2210 semble
1142 2168 1263 2224 qu'on
1296 2168 1356 2209 les
1398 2167 1486 2209 vole
1527 2168 1713 2210 I›0ndz'r’'

140 2241 187 2278 ut
221 2237 449 2292 Interpreti
494 2237 690 2288 videtur,
739 2238 811 2280 sed
859 2238 928 2280 »in
973 2251 1119 2280 eorum
1162 2236 1283 2279 vultu
1325 2236 1547 2279 iuvenilem
1589 2237 1714 2281 lasci-

137 2305 246 2347 viam
283 2308 533 2362 apparere.''

198 2375 263 2417 Nil
298 2382 389 2419 erat
423 2391 528 2434 opus
561 2376 782 2433 sophistae
816 2391 853 2432 p.
881 2380 961 2427 80,
997 2380 1064 2419 1⁶3.
1100 2376 1264 2432 eripere
1296 2376 1481 2419 Atticam
1514 2375 1714 2432 loquendi

138 2443 342 2488 formam:
377 2448 672 2500 προσεκτέοι
706 2448 745 2489 δὲ
776 2448 868 2490 οὔτε
913 2451 1006 2494 τρεῖς
1039 2450 1116 2488 τῶν
1159 2451 1379 2497 ’γυμνούς-ῶν
1420 2445 1637 2498 τετροὲσιν,
1670 2452 1713 2489 et

137 2515 377 2567 προσεκτέον
408 2517 654 2560 rescribere.
719 2517 868 2560 Melius
899 2530 974 2572 pro
1002 2515 1094 2558 οὔτε
1114 2549 1123 2565 ,
1158 2515 1268 2571 quod
1302 2516 1586 2571 incongruum
1619 2522 1711 2567 est,

136 2585 245 2626 οὐδέν
288 2587 593 2642 rescripsisset.
661 2587 756 2628 Post
801 2600 934 2642 pauca
982 2600 1021 2641 p.
1051 2588 1130 2631 82.
1167 2589 1204 2626 1.
1239 2598 1329 2640 sqq.
1377 2585 1532 2626 iterum
1580 2592 1712 2629 ruunt

137 2655 309 2703 omnia,
356 2669 403 2698 ac
435 2656 596 2698 frustra
639 2656 788 2699 Editor
829 2657 978 2714 Mynae
1016 2659 1255 2697 commenta
1290 2654 1530 2696 temerariis
1574 2656 1711 2698 conie-

137 2725 273 2766 cturis
306 2726 465 2768 sarcire
495 2727 675 2781 satagit:
720 2731 940 2782 praeterea
972 2725 1105 2767 oratio
1138 2723 1228 2766 hiat
1261 2723 1425 2766 lacunis
1457 2726 1709 2779 praesertim

136 2806 176 2849 p.
207 2796 287 2844 82,
323 2798 361 2837 7.

196 2862 346 2906 Infelix
375 2869 438 2907 est
467 2864 653 2908 Editoris
682 2865 1021 2909 correctiuncula
1057 2878 1095 2920 p.
1125 2866 1180 2906 84
1201 2897 1210 2913 ,
1247 2869 1298 2905 1:
1347 2863 1416 2905 κοιὶ
1449 2863 1504 2905 τοὶ
1536 2867 1710 2906 τοιαῦτα

136 2933 225 2983 μὲν
264 2932 378 2983 ἅλις
412 2935 546 2978 κείσθ
567 2953 589 2978 ω
629 2949 703 2992 pro
733 2936 800 2979 uxi
832 2936 887 2979 τοὶ
920 2938 1094 2979 τοιαῦτα
1128 2934 1385 2977 ἁλίσκεσθκι.
1453 2932 1563 2985 Quid
1595 2933 1707 2976 enim
