<?xml version="1.0" encoding="UTF-8"?>
<!DOCTYPE html PUBLIC "-//W3C//DTD XHTML 1.0 Transitional//EN"
    "http://www.w3.org/TR/xhtml1/DTD/xhtml1-transitional.dtd">
<html xmlns="http://www.w3.org/1999/xhtml" xml:lang="en" lang="en">
 <head>
  <title>
</title>
<meta http-equiv="Content-Type" content="text/html;charset=utf-8" />
  <meta name='ocr-system' content='tesseract 3.04.00' />
  <meta name='ocr-capabilities' content='ocr_page ocr_carea ocr_par ocr_line ocrx_word'/>
</head>
<body>
  <div class='ocr_page' id='page_1' title='image "./dephilostratilib00cobeuoft_0013.png"; bbox 0 0 2366 3540; ppageno 0'>
   <div class='ocr_carea' id='block_1_1' title="bbox 1027 288 1037 311">
    <p class='ocr_par' dir='ltr' id='par_1_1' title="bbox 1027 288 1037 311">
     <span class='ocr_line' id='line_1_1' title="bbox 1027 288 1037 311; baseline 0 0"><span class='ocrx_word' id='word_1_1' title='bbox 1027 288 1037 311; x_wconf 83' lang='grc' dir='ltr'><strong><em>Ι</em></strong></span> 
     </span>
    </p>
   </div>
   <div class='ocr_carea' id='block_1_2' title="bbox 226 381 1819 3010">
    <p class='ocr_par' dir='ltr' id='par_1_2' title="bbox 226 381 1819 3010">
     <span class='ocr_line' id='line_1_2' title="bbox 246 381 1816 441; baseline 0.003 -17"><span class='ocrx_word' id='word_1_2' title='bbox 246 381 501 425; x_wconf 74' lang='lat' dir='ltr'><strong>Philostrato</strong></span> <span class='ocrx_word' id='word_1_3' title='bbox 533 395 555 424; x_wconf 87' lang='lat' dir='ltr'>a</span> <span class='ocrx_word' id='word_1_4' title='bbox 589 381 714 440; x_wconf 86' lang='lat' dir='ltr'>Myna</span> <span class='ocrx_word' id='word_1_5' title='bbox 745 384 998 427; x_wconf 87' lang='lat' dir='ltr'>attributum</span> <span class='ocrx_word' id='word_1_6' title='bbox 1039 384 1216 428; x_wconf 90' lang='lat' dir='ltr'>alterius</span> <span class='ocrx_word' id='word_1_7' title='bbox 1256 385 1334 428; x_wconf 88' lang='lat' dir='ltr'>loci</span> <span class='ocrx_word' id='word_1_8' title='bbox 1377 385 1444 428; x_wconf 89' lang='lat' dir='ltr'>uhi</span> <span class='ocrx_word' id='word_1_9' title='bbox 1489 384 1626 428; x_wconf 88' lang='lat' dir='ltr'>eidem</span> <span class='ocrx_word' id='word_1_10' title='bbox 1667 385 1816 441; x_wconf 85' lang='lat' dir='ltr'>culpae</span> 
     </span>
     <span class='ocr_line' id='line_1_3' title="bbox 245 450 1816 510; baseline 0.003 -18"><span class='ocrx_word' id='word_1_11' title='bbox 245 450 384 493; x_wconf 84' lang='lat' dir='ltr'>affinis</span> <span class='ocrx_word' id='word_1_12' title='bbox 425 456 489 493; x_wconf 89' lang='lat' dir='ltr'>est</span> <span class='ocrx_word' id='word_1_13' title='bbox 537 451 701 495; x_wconf 88' lang='lat' dir='ltr'>Editor.</span> <span class='ocrx_word' id='word_1_14' title='bbox 768 454 942 509; x_wconf 78' lang='lat' dir='ltr'>Legitur</span> <span class='ocrx_word' id='word_1_15' title='bbox 989 468 1028 510; x_wconf 91' lang='lat' dir='ltr'>p.</span> <span class='ocrx_word' id='word_1_16' title='bbox 1060 457 1141 497; x_wconf 74' lang='lat'>72:</span> <span class='ocrx_word' id='word_1_17' title='bbox 1190 455 1408 507; x_wconf 56' lang='grc' dir='ltr'>Τίσανδρον</span> <span class='ocrx_word' id='word_1_18' title='bbox 1456 456 1495 497; x_wconf 77' lang='grc' dir='ltr'>δὲ</span> <span class='ocrx_word' id='word_1_19' title='bbox 1540 456 1607 497; x_wconf 81' lang='grc' dir='ltr'>τὸν</span> <span class='ocrx_word' id='word_1_20' title='bbox 1653 456 1699 497; x_wconf 79' lang='grc' dir='ltr'>ἐκ</span> <span class='ocrx_word' id='word_1_21' title='bbox 1743 461 1816 504; x_wconf 71' lang='grc' dir='ltr'>τῆς</span> 
     </span>
     <span class='ocr_line' id='line_1_4' title="bbox 243 519 1815 577; baseline 0.003 -16"><span class='ocrx_word' id='word_1_22' title='bbox 243 519 386 569; x_wconf 70' lang='grc' dir='ltr'>Νάξου</span> <span class='ocrx_word' id='word_1_23' title='bbox 419 520 577 570; x_wconf 74' lang='grc' dir='ltr'>πύκτην</span> <span class='ocrx_word' id='word_1_24' title='bbox 610 523 697 575; x_wconf 76' lang='grc' dir='ltr'>περὶ</span> <span class='ocrx_word' id='word_1_25' title='bbox 731 523 787 565; x_wconf 70' lang='grc' dir='ltr'>τοὶ</span> <span class='ocrx_word' id='word_1_26' title='bbox 817 525 1044 576; x_wconf 71' lang='grc' dir='ltr'><em>ἀκρωτήρικ</em></span> <span class='ocrx_word' id='word_1_27' title='bbox 1071 529 1144 571; x_wconf 73' lang='grc' dir='ltr'>τῆς</span> <span class='ocrx_word' id='word_1_28' title='bbox 1187 527 1303 574; x_wconf 75' lang='grc' dir='ltr'>νήσου</span> <span class='ocrx_word' id='word_1_29' title='bbox 1337 526 1562 567; x_wconf 77' lang='grc' dir='ltr'>νοιίοντοο</span> <span class='ocrx_word' id='word_1_30' title='bbox 1602 524 1815 577; x_wconf 73' lang='grc' dir='ltr'>ποορέπεμ·</span> 
     </span>
     <span class='ocr_line' id='line_1_5' title="bbox 244 591 1814 647; baseline 0.003 -16"><span class='ocrx_word' id='word_1_31' title='bbox 244 605 316 631; x_wconf 78' lang='grc' dir='ltr'>πον</span> <span class='ocrx_word' id='word_1_32' title='bbox 354 591 397 632; x_wconf 81' lang='grc' dir='ltr'>οιὶ</span> <span class='ocrx_word' id='word_1_33' title='bbox 429 597 566 643; x_wconf 76' lang='grc' dir='ltr'><em>χεῖρες</em></span> <span class='ocrx_word' id='word_1_34' title='bbox 604 592 669 633; x_wconf 79' lang='grc' dir='ltr'>ἐπὶ</span> <span class='ocrx_word' id='word_1_35' title='bbox 704 593 810 633; x_wconf 77' lang='grc' dir='ltr'>πολὺ</span> <span class='ocrx_word' id='word_1_36' title='bbox 843 598 915 640; x_wconf 73' lang='grc' dir='ltr'>τῆς</span> <span class='ocrx_word' id='word_1_37' title='bbox 950 591 1190 642; x_wconf 63' lang='grc' dir='ltr'><strong><em>θκΜὲτ-της,</em></strong></span> <span class='ocrx_word' id='word_1_38' title='bbox 1235 606 1341 647; x_wconf 85' lang='lat' dir='ltr'>quae</span> <span class='ocrx_word' id='word_1_39' title='bbox 1374 599 1422 635; x_wconf 86' lang='lat' dir='ltr'>ut</span> <span class='ocrx_word' id='word_1_40' title='bbox 1454 593 1540 636; x_wconf 90' lang='lat' dir='ltr'>vidi</span> <span class='ocrx_word' id='word_1_41' title='bbox 1572 594 1717 636; x_wconf 87' lang='lat' dir='ltr'>statim</span> <span class='ocrx_word' id='word_1_42' title='bbox 1753 594 1814 635; x_wconf 85' lang='lat' dir='ltr'>in-</span> 
     </span>
     <span class='ocr_line' id='line_1_6' title="bbox 244 656 1815 713; baseline 0.004 -15"><span class='ocrx_word' id='word_1_43' title='bbox 244 656 386 699; x_wconf 76' lang='lat' dir='ltr'>tellexi</span> <span class='ocrx_word' id='word_1_44' title='bbox 419 659 558 700; x_wconf 81' lang='grc' dir='ltr'>νέοντοο</span> <span class='ocrx_word' id='word_1_45' title='bbox 591 673 682 702; x_wconf 85' lang='lat' dir='ltr'>esse</span> <span class='ocrx_word' id='word_1_46' title='bbox 714 659 1004 709; x_wconf 86' lang='lat' dir='ltr'>scribendum,</span> <span class='ocrx_word' id='word_1_47' title='bbox 1040 659 1081 701; x_wconf 92' lang='lat' dir='ltr'>id</span> <span class='ocrx_word' id='word_1_48' title='bbox 1112 666 1176 702; x_wconf 80' lang='lat' dir='ltr'>est</span> <span class='ocrx_word' id='word_1_49' title='bbox 1209 661 1429 713; x_wconf 70' lang='grc' dir='ltr'>νηχόμενον</span> <span class='ocrx_word' id='word_1_50' title='bbox 1460 668 1668 704; x_wconf 80' lang='lat' dir='ltr'>natantem</span> <span class='ocrx_word' id='word_1_51' title='bbox 1700 663 1815 704; x_wconf 80' lang='lat' dir='ltr'>eirca</span> 
     </span>
     <span class='ocr_line' id='line_1_7' title="bbox 244 727 1816 787; baseline 0.004 -20"><span class='ocrx_word' id='word_1_52' title='bbox 244 728 532 780; x_wconf 83' lang='lat' dir='ltr'>promontoria</span> <span class='ocrx_word' id='word_1_53' title='bbox 564 727 682 769; x_wconf 89' lang='lat' dir='ltr'>Naxi.</span> <span class='ocrx_word' id='word_1_54' title='bbox 749 728 995 770; x_wconf 81' lang='lat' dir='ltr'>Scribarum</span> <span class='ocrx_word' id='word_1_55' title='bbox 1036 728 1245 783; x_wconf 83' lang='lat' dir='ltr'>flagitium</span> <span class='ocrx_word' id='word_1_56' title='bbox 1285 743 1375 772; x_wconf 87' lang='lat' dir='ltr'>esse</span> <span class='ocrx_word' id='word_1_57' title='bbox 1408 730 1638 785; x_wconf 81' lang='lat' dir='ltr'>putabam,</span> <span class='ocrx_word' id='word_1_58' title='bbox 1675 731 1816 787; x_wconf 89' lang='lat' dir='ltr'>qualia</span> 
     </span>
     <span class='ocr_line' id='line_1_8' title="bbox 242 797 1816 854; baseline 0.004 -18"><span class='ocrx_word' id='word_1_59' title='bbox 242 801 441 837; x_wconf 75' lang='lat' dir='ltr'>sexcenta</span> <span class='ocrx_word' id='word_1_60' title='bbox 489 797 757 839; x_wconf 81' lang='lat' dir='ltr'>committere</span> <span class='ocrx_word' id='word_1_61' title='bbox 804 797 940 840; x_wconf 84' lang='lat' dir='ltr'>solent</span> <span class='ocrx_word' id='word_1_62' title='bbox 989 812 1178 854; x_wconf 75' lang='lat' dir='ltr'>campum</span> <span class='ocrx_word' id='word_1_63' title='bbox 1237 799 1391 841; x_wconf 61' lang='grc' dir='ltr'>παιδίον</span> <span class='ocrx_word' id='word_1_64' title='bbox 1438 798 1726 853; x_wconf 81' lang='lat' dir='ltr'>appellantes,</span> <span class='ocrx_word' id='word_1_65' title='bbox 1774 806 1816 842; x_wconf 88' lang='lat' dir='ltr'>ct</span> 
     </span>
     <span class='ocr_line' id='line_1_9' title="bbox 241 864 1814 922; baseline 0.003 -18"><span class='ocrx_word' id='word_1_66' title='bbox 241 864 588 915; x_wconf 71' lang='lat' dir='ltr'>misericordiam,</span> <span class='ocrx_word' id='word_1_67' title='bbox 622 865 755 908; x_wconf 63' lang='grc' dir='ltr'>ἔλαιον</span> <span class='ocrx_word' id='word_1_68' title='bbox 784 872 825 909; x_wconf 90' lang='lat' dir='ltr'>et</span> <span class='ocrx_word' id='word_1_69' title='bbox 855 867 1037 922; x_wconf 86' lang='lat' dir='ltr'>plurima</span> <span class='ocrx_word' id='word_1_70' title='bbox 1066 867 1147 909; x_wconf 88' lang='lat' dir='ltr'>alia</span> <span class='ocrx_word' id='word_1_71' title='bbox 1180 867 1488 910; x_wconf 88' lang='lat' dir='ltr'>eiusdemmodi</span> <span class='ocrx_word' id='word_1_72' title='bbox 1508 868 1548 908; x_wconf 92' lang='lat' dir='ltr'>in</span> <span class='ocrx_word' id='word_1_73' title='bbox 1580 867 1700 910; x_wconf 87' lang='lat' dir='ltr'>libris</span> <span class='ocrx_word' id='word_1_74' title='bbox 1729 880 1814 909; x_wconf 91' lang='lat' dir='ltr'>om-</span> 
     </span>
     <span class='ocr_line' id='line_1_10' title="bbox 241 933 1815 993; baseline 0.004 -20"><span class='ocrx_word' id='word_1_75' title='bbox 241 933 379 975; x_wconf 87' lang='lat' dir='ltr'>nihus.</span> <span class='ocrx_word' id='word_1_76' title='bbox 446 934 662 978; x_wconf 87' lang='lat' dir='ltr'>Fallehar:</span> <span class='ocrx_word' id='word_1_77' title='bbox 696 936 834 978; x_wconf 74' lang='grc' dir='ltr'>νέοντοε</span> <span class='ocrx_word' id='word_1_78' title='bbox 866 942 930 978; x_wconf 88' lang='lat' dir='ltr'>cst</span> <span class='ocrx_word' id='word_1_79' title='bbox 962 937 1004 978; x_wconf 92' lang='lat' dir='ltr'>in</span> <span class='ocrx_word' id='word_1_80' title='bbox 1035 936 1184 979; x_wconf 86' lang='lat' dir='ltr'>Codice</span> <span class='ocrx_word' id='word_1_81' title='bbox 1213 944 1254 979; x_wconf 88' lang='lat' dir='ltr'>et</span> <span class='ocrx_word' id='word_1_82' title='bbox 1284 939 1324 979; x_wconf 91' lang='lat' dir='ltr'>in</span> <span class='ocrx_word' id='word_1_83' title='bbox 1356 937 1618 993; x_wconf 77' lang='lat' dir='ltr'>apographo;</span> <span class='ocrx_word' id='word_1_84' title='bbox 1650 938 1815 979; x_wconf 70' lang='grc' dir='ltr'>νκίοντκ</span> 
     </span>
     <span class='ocr_line' id='line_1_11' title="bbox 241 1004 1814 1062; baseline 0.003 -19"><span class='ocrx_word' id='word_1_85' title='bbox 241 1016 292 1043; x_wconf 73' lang='lat' dir='ltr'>ea:</span> <span class='ocrx_word' id='word_1_86' title='bbox 323 1004 603 1046; x_wconf 72' lang='lat' dir='ltr'>emendatione</span> <span class='ocrx_word' id='word_1_87' title='bbox 629 1004 816 1047; x_wconf 85' lang='lat' dir='ltr'>Editoris</span> <span class='ocrx_word' id='word_1_88' title='bbox 850 1005 1130 1048; x_wconf 87' lang='lat' dir='ltr'>substitutum</span> <span class='ocrx_word' id='word_1_89' title='bbox 1164 1012 1257 1057; x_wconf 89' lang='lat' dir='ltr'>est,</span> <span class='ocrx_word' id='word_1_90' title='bbox 1291 1007 1363 1062; x_wconf 88' lang='lat' dir='ltr'>qui</span> <span class='ocrx_word' id='word_1_91' title='bbox 1395 1006 1534 1047; x_wconf 88' lang='lat' dir='ltr'>locum</span> <span class='ocrx_word' id='word_1_92' title='bbox 1568 1007 1628 1048; x_wconf 88' lang='lat' dir='ltr'>sic</span> <span class='ocrx_word' id='word_1_93' title='bbox 1660 1007 1814 1048; x_wconf 88' lang='lat' dir='ltr'>vertit:</span> 
     </span>
     <span class='ocr_line' id='line_1_12' title="bbox 242 1071 1813 1131; baseline 0.002 -18"><span class='ocrx_word' id='word_1_94' title='bbox 242 1071 323 1114; x_wconf 90' lang='lat' dir='ltr'>»Le</span> <span class='ocrx_word' id='word_1_95' title='bbox 358 1073 500 1128; x_wconf 83' lang='lat' dir='ltr'>pugile</span> <span class='ocrx_word' id='word_1_96' title='bbox 534 1074 771 1125; x_wconf 87' lang='lat' dir='ltr'>Tisandre‚</span> <span class='ocrx_word' id='word_1_97' title='bbox 816 1075 867 1118; x_wconf 90' lang='lat' dir='ltr'>de</span> <span class='ocrx_word' id='word_1_98' title='bbox 907 1075 1072 1124; x_wconf 83' lang='lat' dir='ltr'>Naxos,</span> <span class='ocrx_word' id='word_1_99' title='bbox 1118 1077 1191 1131; x_wconf 88' lang='lat' dir='ltr'>qui</span> <span class='ocrx_word' id='word_1_100' title='bbox 1225 1076 1395 1118; x_wconf 65' lang='lat' dir='ltr'>habitan</span> <span class='ocrx_word' id='word_1_101' title='bbox 1439 1076 1535 1130; x_wconf 73' lang='lat' dir='ltr'>pres</span> <span class='ocrx_word' id='word_1_102' title='bbox 1575 1075 1677 1116; x_wconf 90' lang='lat' dir='ltr'>d&#39;un</span> <span class='ocrx_word' id='word_1_103' title='bbox 1721 1088 1813 1130; x_wconf 89' lang='lat' dir='ltr'>pro-</span> 
     </span>
     <span class='ocr_line' id='line_1_13' title="bbox 239 1142 1815 1196; baseline 0.003 -14"><span class='ocrx_word' id='word_1_104' title='bbox 239 1142 449 1185; x_wconf 84' lang='lat' dir='ltr'>niontoire</span> <span class='ocrx_word' id='word_1_105' title='bbox 487 1142 537 1185; x_wconf 91' lang='lat' dir='ltr'>de</span> <span class='ocrx_word' id='word_1_106' title='bbox 577 1149 687 1186; x_wconf 89' lang='lat' dir='ltr'>cette</span> <span class='ocrx_word' id='word_1_107' title='bbox 720 1143 818 1186; x_wconf 84' lang='lat' dir='ltr'>ile.”</span> <span class='ocrx_word' id='word_1_108' title='bbox 883 1145 1018 1196; x_wconf 88' lang='lat' dir='ltr'>Quam</span> <span class='ocrx_word' id='word_1_109' title='bbox 1061 1146 1249 1186; x_wconf 83' lang='lat' dir='ltr'>suaviter</span> <span class='ocrx_word' id='word_1_110' title='bbox 1281 1145 1470 1186; x_wconf 81' lang='lat' dir='ltr'>riderent</span> <span class='ocrx_word' id='word_1_111' title='bbox 1513 1144 1618 1186; x_wconf 89' lang='lat' dir='ltr'>Galli</span> <span class='ocrx_word' id='word_1_112' title='bbox 1660 1150 1815 1186; x_wconf 85' lang='lat' dir='ltr'>morta-</span> 
     </span>
     <span class='ocr_line' id='line_1_14' title="bbox 239 1210 1814 1269; baseline 0.002 -17"><span class='ocrx_word' id='word_1_113' title='bbox 239 1210 343 1253; x_wconf 85' lang='lat' dir='ltr'>lium</span> <span class='ocrx_word' id='word_1_114' title='bbox 377 1211 675 1255; x_wconf 83' lang='lat' dir='ltr'>facundissimi</span> <span class='ocrx_word' id='word_1_115' title='bbox 705 1215 740 1255; x_wconf 93' lang='lat' dir='ltr'>si</span> <span class='ocrx_word' id='word_1_116' title='bbox 780 1214 875 1269; x_wconf 86' lang='lat' dir='ltr'>quis</span> <span class='ocrx_word' id='word_1_117' title='bbox 909 1214 950 1255; x_wconf 91' lang='lat' dir='ltr'>in</span> <span class='ocrx_word' id='word_1_118' title='bbox 988 1213 1145 1256; x_wconf 89' lang='lat' dir='ltr'>Gallica</span> <span class='ocrx_word' id='word_1_119' title='bbox 1178 1214 1368 1255; x_wconf 86' lang='lat' dir='ltr'>oratione</span> <span class='ocrx_word' id='word_1_120' title='bbox 1405 1213 1718 1255; x_wconf 79' lang='lat' dir='ltr'>diversissimae</span> <span class='ocrx_word' id='word_1_121' title='bbox 1751 1226 1814 1255; x_wconf 89' lang='lat' dir='ltr'>ae-</span> 
     </span>
     <span class='ocr_line' id='line_1_15' title="bbox 237 1281 1816 1338; baseline 0.002 -17"><span class='ocrx_word' id='word_1_122' title='bbox 237 1281 338 1322; x_wconf 85' lang='lat' dir='ltr'>tatis</span> <span class='ocrx_word' id='word_1_123' title='bbox 371 1281 572 1324; x_wconf 86' lang='lat' dir='ltr'>vocabula</span> <span class='ocrx_word' id='word_1_124' title='bbox 606 1283 667 1325; x_wconf 90' lang='lat' dir='ltr'>sic</span> <span class='ocrx_word' id='word_1_125' title='bbox 712 1284 1017 1338; x_wconf 86' lang='lat' dir='ltr'>permisceret,</span> <span class='ocrx_word' id='word_1_126' title='bbox 1061 1288 1101 1325; x_wconf 91' lang='lat' dir='ltr'>et</span> <span class='ocrx_word' id='word_1_127' title='bbox 1133 1296 1260 1338; x_wconf 87' lang='lat' dir='ltr'>quam</span> <span class='ocrx_word' id='word_1_128' title='bbox 1299 1282 1543 1338; x_wconf 85' lang='lat' dir='ltr'>plumbeum</span> <span class='ocrx_word' id='word_1_129' title='bbox 1594 1296 1690 1324; x_wconf 89' lang='lat' dir='ltr'>eum</span> <span class='ocrx_word' id='word_1_130' title='bbox 1724 1295 1816 1324; x_wconf 90' lang='lat' dir='ltr'>esse</span> 
     </span>
     <span class='ocr_line' id='line_1_16' title="bbox 238 1343 1819 1406; baseline 0.003 -16"><span class='ocrx_word' id='word_1_131' title='bbox 238 1350 279 1390; x_wconf 94' lang='lat' dir='ltr'>in</span> <span class='ocrx_word' id='word_1_132' title='bbox 325 1349 470 1406; x_wconf 85' lang='lat' dir='ltr'>lingua</span> <span class='ocrx_word' id='word_1_133' title='bbox 513 1357 553 1394; x_wconf 88' lang='lat' dir='ltr'>ct</span> <span class='ocrx_word' id='word_1_134' title='bbox 603 1352 758 1394; x_wconf 89' lang='lat' dir='ltr'>litteris</span> <span class='ocrx_word' id='word_1_135' title='bbox 800 1353 889 1394; x_wconf 89' lang='lat' dir='ltr'>suis</span> <span class='ocrx_word' id='word_1_136' title='bbox 934 1353 1027 1394; x_wconf 85' lang='lat' dir='ltr'>iure</span> <span class='ocrx_word' id='word_1_137' title='bbox 1073 1343 1382 1395; x_wconf 80' lang='lat' dir='ltr'>existimarent.</span> <span class='ocrx_word' id='word_1_138' title='bbox 1453 1352 1553 1394; x_wconf 87' lang='lat' dir='ltr'>Fuit</span> <span class='ocrx_word' id='word_1_139' title='bbox 1594 1353 1638 1394; x_wconf 91' lang='lat' dir='ltr'>in</span> <span class='ocrx_word' id='word_1_140' title='bbox 1684 1351 1819 1394; x_wconf 86' lang='lat' dir='ltr'>Gallia</span> 
     </span>
     <span class='ocr_line' id='line_1_17' title="bbox 236 1419 1814 1477; baseline 0.002 -17"><span class='ocrx_word' id='word_1_141' title='bbox 236 1419 509 1474; x_wconf 88' lang='lat' dir='ltr'>pereruditus</span> <span class='ocrx_word' id='word_1_142' title='bbox 558 1422 622 1463; x_wconf 87' lang='lat' dir='ltr'>vir</span> <span class='ocrx_word' id='word_1_143' title='bbox 671 1428 712 1464; x_wconf 88' lang='lat' dir='ltr'>et</span> <span class='ocrx_word' id='word_1_144' title='bbox 761 1422 1098 1472; x_wconf 83' lang='lat' dir='ltr'>disertissimus,</span> <span class='ocrx_word' id='word_1_145' title='bbox 1158 1422 1230 1477; x_wconf 89' lang='lat' dir='ltr'>qui</span> <span class='ocrx_word' id='word_1_146' title='bbox 1279 1421 1557 1464; x_wconf 88' lang='lat' dir='ltr'>Menandrum</span> <span class='ocrx_word' id='word_1_147' title='bbox 1612 1420 1814 1474; x_wconf 65' lang='grc' dir='ltr'>ἄνθρωπος</span> 
     </span>
     <span class='ocr_line' id='line_1_18' title="bbox 236 1489 1815 1534; baseline 0.002 -5"><span class='ocrx_word' id='word_1_148' title='bbox 236 1489 377 1530; x_wconf 71' lang='grc' dir='ltr'><em>πέλω</em></span> <span class='ocrx_word' id='word_1_149' title='bbox 431 1489 600 1533; x_wconf 81' lang='lat' dir='ltr'>induxit</span> <span class='ocrx_word' id='word_1_150' title='bbox 647 1491 872 1533; x_wconf 83' lang='lat' dir='ltr'>dicentem.</span> <span class='ocrx_word' id='word_1_151' title='bbox 936 1491 1054 1533; x_wconf 91' lang='lat' dir='ltr'>Idem</span> <span class='ocrx_word' id='word_1_152' title='bbox 1093 1497 1235 1534; x_wconf 86' lang='lat' dir='ltr'>tamen</span> <span class='ocrx_word' id='word_1_153' title='bbox 1279 1492 1510 1533; x_wconf 86' lang='lat' dir='ltr'>dictionem</span> <span class='ocrx_word' id='word_1_154' title='bbox 1544 1491 1815 1533; x_wconf 87' lang='lat' dir='ltr'>Pindaricam</span> 
     </span>
     <span class='ocr_line' id='line_1_19' title="bbox 236 1558 1816 1617; baseline 0.003 -18"><span class='ocrx_word' id='word_1_155' title='bbox 236 1570 332 1600; x_wconf 90' lang='lat' dir='ltr'>cum</span> <span class='ocrx_word' id='word_1_156' title='bbox 367 1558 599 1616; x_wconf 84' lang='lat' dir='ltr'>Aeschylea</span> <span class='ocrx_word' id='word_1_157' title='bbox 646 1560 953 1603; x_wconf 84' lang='lat' dir='ltr'>facundissime</span> <span class='ocrx_word' id='word_1_158' title='bbox 993 1562 1257 1617; x_wconf 87' lang='lat' dir='ltr'>composuit:</span> <span class='ocrx_word' id='word_1_159' title='bbox 1307 1561 1380 1603; x_wconf 89' lang='lat' dir='ltr'>sed</span> <span class='ocrx_word' id='word_1_160' title='bbox 1424 1562 1582 1602; x_wconf 87' lang='lat' dir='ltr'>mirum</span> <span class='ocrx_word' id='word_1_161' title='bbox 1623 1574 1705 1603; x_wconf 90' lang='lat' dir='ltr'>non</span> <span class='ocrx_word' id='word_1_162' title='bbox 1751 1566 1816 1603; x_wconf 86' lang='lat' dir='ltr'>est</span> 
     </span>
     <span class='ocr_line' id='line_1_20' title="bbox 234 1628 1814 1685; baseline 0.003 -17"><span class='ocrx_word' id='word_1_163' title='bbox 234 1628 347 1669; x_wconf 82' lang='lat' dir='ltr'>viros</span> <span class='ocrx_word' id='word_1_164' title='bbox 382 1629 424 1669; x_wconf 88' lang='lat' dir='ltr'>in</span> <span class='ocrx_word' id='word_1_165' title='bbox 458 1628 571 1670; x_wconf 89' lang='lat' dir='ltr'>hunc</span> <span class='ocrx_word' id='word_1_166' title='bbox 605 1629 776 1671; x_wconf 89' lang='lat' dir='ltr'>modum</span> <span class='ocrx_word' id='word_1_167' title='bbox 816 1629 1074 1672; x_wconf 83' lang='lat' dir='ltr'>confundere</span> <span class='ocrx_word' id='word_1_168' title='bbox 1119 1631 1290 1680; x_wconf 89' lang='lat' dir='ltr'>omnia,</span> <span class='ocrx_word' id='word_1_169' title='bbox 1335 1644 1466 1685; x_wconf 91' lang='lat' dir='ltr'>quum</span> <span class='ocrx_word' id='word_1_170' title='bbox 1502 1631 1587 1672; x_wconf 87' lang='lat' dir='ltr'>sint</span> <span class='ocrx_word' id='word_1_171' title='bbox 1618 1631 1658 1671; x_wconf 92' lang='lat' dir='ltr'>in</span> <span class='ocrx_word' id='word_1_172' title='bbox 1699 1632 1814 1672; x_wconf 82' lang='lat' dir='ltr'>iuve-</span> 
     </span>
     <span class='ocr_line' id='line_1_21' title="bbox 234 1695 1814 1741; baseline 0.003 -4"><span class='ocrx_word' id='word_1_173' title='bbox 234 1695 310 1737; x_wconf 92' lang='lat' dir='ltr'>nili</span> <span class='ocrx_word' id='word_1_174' title='bbox 345 1697 617 1741; x_wconf 89' lang='lat' dir='ltr'>institutione</span> <span class='ocrx_word' id='word_1_175' title='bbox 648 1699 790 1740; x_wconf 89' lang='lat' dir='ltr'>omnia</span> <span class='ocrx_word' id='word_1_176' title='bbox 824 1705 911 1740; x_wconf 83' lang='lat' dir='ltr'>tani</span> <span class='ocrx_word' id='word_1_177' title='bbox 945 1699 1125 1741; x_wconf 85' lang='lat' dir='ltr'>mirifice</span> <span class='ocrx_word' id='word_1_178' title='bbox 1162 1699 1352 1741; x_wconf 78' lang='lat' dir='ltr'>contusa.</span> <span class='ocrx_word' id='word_1_179' title='bbox 1418 1699 1486 1741; x_wconf 88' lang='lat' dir='ltr'>Sic</span> <span class='ocrx_word' id='word_1_180' title='bbox 1512 1713 1595 1740; x_wconf 91' lang='lat' dir='ltr'>non</span> <span class='ocrx_word' id='word_1_181' title='bbox 1626 1699 1814 1741; x_wconf 88' lang='lat' dir='ltr'>animad—</span> 
     </span>
     <span class='ocr_line' id='line_1_22' title="bbox 232 1767 1815 1824; baseline 0.002 -17"><span class='ocrx_word' id='word_1_182' title='bbox 232 1771 406 1808; x_wconf 88' lang='lat' dir='ltr'>vertunt</span> <span class='ocrx_word' id='word_1_183' title='bbox 438 1767 526 1820; x_wconf 80' lang='grc' dir='ltr'>περὶ</span> <span class='ocrx_word' id='word_1_184' title='bbox 566 1768 632 1810; x_wconf 70' lang='grc' dir='ltr'>τοὶ</span> <span class='ocrx_word' id='word_1_185' title='bbox 667 1769 972 1821; x_wconf 65' lang='grc' dir='ltr'><em>ἀκρωτήρια</em></span> <span class='ocrx_word' id='word_1_186' title='bbox 1013 1774 1085 1817; x_wconf 68' lang='grc' dir='ltr'>τῆς</span> <span class='ocrx_word' id='word_1_187' title='bbox 1122 1771 1239 1819; x_wconf 70' lang='grc' dir='ltr'>νήσου</span> <span class='ocrx_word' id='word_1_188' title='bbox 1272 1782 1364 1811; x_wconf 90' lang='lat' dir='ltr'>esse</span> <span class='ocrx_word' id='word_1_189' title='bbox 1396 1783 1478 1810; x_wconf 88' lang='lat' dir='ltr'>non</span> <span class='ocrx_word' id='word_1_190' title='bbox 1508 1782 1654 1824; x_wconf 90' lang='lat' dir='ltr'>posse:</span> <span class='ocrx_word' id='word_1_191' title='bbox 1690 1770 1815 1824; x_wconf 83' lang='lat' dir='ltr'>»pres</span> 
     </span>
     <span class='ocr_line' id='line_1_23' title="bbox 231 1836 1813 1890; baseline 0.003 -14"><span class='ocrx_word' id='word_1_192' title='bbox 231 1836 331 1877; x_wconf 78' lang='lat' dir='ltr'>d’un</span> <span class='ocrx_word' id='word_1_193' title='bbox 360 1838 639 1890; x_wconf 76' lang='lat' dir='ltr'>promontoz‘re</span> <span class='ocrx_word' id='word_1_194' title='bbox 672 1837 723 1879; x_wconf 89' lang='lat' dir='ltr'>de</span> <span class='ocrx_word' id='word_1_195' title='bbox 753 1843 864 1880; x_wconf 88' lang='lat' dir='ltr'>cette</span> <span class='ocrx_word' id='word_1_196' title='bbox 897 1837 1004 1888; x_wconf 87' lang='lat' dir='ltr'>ile,&#39;’</span> <span class='ocrx_word' id='word_1_197' title='bbox 1039 1851 1136 1879; x_wconf 86' lang='lat' dir='ltr'>nam</span> <span class='ocrx_word' id='word_1_198' title='bbox 1178 1838 1307 1880; x_wconf 92' lang='lat' dir='ltr'>simul</span> <span class='ocrx_word' id='word_1_199' title='bbox 1339 1840 1572 1880; x_wconf 79' lang='lat' dir='ltr'>sensissent</span> <span class='ocrx_word' id='word_1_200' title='bbox 1614 1838 1705 1880; x_wconf 86' lang='lat' dir='ltr'>fieri</span> <span class='ocrx_word' id='word_1_201' title='bbox 1730 1853 1813 1881; x_wconf 91' lang='lat' dir='ltr'>non</span> 
     </span>
     <span class='ocr_line' id='line_1_24' title="bbox 231 1906 1812 1964; baseline 0.002 -17"><span class='ocrx_word' id='word_1_202' title='bbox 231 1906 420 1960; x_wconf 84' lang='lat' dir='ltr'>potuisse</span> <span class='ocrx_word' id='word_1_203' title='bbox 449 1912 495 1948; x_wconf 88' lang='lat' dir='ltr'>ut</span> <span class='ocrx_word' id='word_1_204' title='bbox 531 1906 738 1949; x_wconf 84' lang='lat' dir='ltr'>Tisander</span> <span class='ocrx_word' id='word_1_205' title='bbox 770 1908 884 1949; x_wconf 87' lang='lat' dir='ltr'>circa</span> <span class='ocrx_word' id='word_1_206' title='bbox 917 1907 1023 1949; x_wconf 80' lang='lat' dir='ltr'>Naxi</span> <span class='ocrx_word' id='word_1_207' title='bbox 1053 1909 1333 1964; x_wconf 75' lang='lat' dir='ltr'>promontoria</span> <span class='ocrx_word' id='word_1_208' title='bbox 1366 1908 1592 1950; x_wconf 84' lang='lat' dir='ltr'>habitaret.</span> <span class='ocrx_word' id='word_1_209' title='bbox 1659 1908 1812 1960; x_wconf 84' lang='lat' dir='ltr'>Quam-</span> 
     </span>
     <span class='ocr_line' id='line_1_25' title="bbox 232 1976 1812 2032; baseline 0.003 -17"><span class='ocrx_word' id='word_1_210' title='bbox 232 1987 356 2029; x_wconf 87' lang='lat' dir='ltr'>quam</span> <span class='ocrx_word' id='word_1_211' title='bbox 403 1981 443 2017; x_wconf 93' lang='lat' dir='ltr'>et</span> <span class='ocrx_word' id='word_1_212' title='bbox 488 1976 592 2018; x_wconf 88' lang='lat' dir='ltr'>illud</span> <span class='ocrx_word' id='word_1_213' title='bbox 641 1977 782 2032; x_wconf 87' lang='lat' dir='ltr'>ipsum</span> <span class='ocrx_word' id='word_1_214' title='bbox 828 1977 946 2030; x_wconf 77' lang='grc' dir='ltr'>περὶ</span> <span class='ocrx_word' id='word_1_215' title='bbox 989 1978 1230 2030; x_wconf 65' lang='grc' dir='ltr'>ἀκρωτήριον</span> <span class='ocrx_word' id='word_1_216' title='bbox 1261 1979 1379 2019; x_wconf 69' lang='grc' dir='ltr'>οἰκεῖν</span> <span class='ocrx_word' id='word_1_217' title='bbox 1422 1978 1607 2019; x_wconf 85' lang='lat' dir='ltr'>ioculare</span> <span class='ocrx_word' id='word_1_218' title='bbox 1640 1984 1726 2028; x_wconf 88' lang='lat' dir='ltr'>est,</span> <span class='ocrx_word' id='word_1_219' title='bbox 1776 1979 1812 2020; x_wconf 92' lang='lat' dir='ltr'>si</span> 
     </span>
     <span class='ocr_line' id='line_1_26' title="bbox 231 2044 1811 2102; baseline 0.004 -18"><span class='ocrx_word' id='word_1_220' title='bbox 231 2045 327 2099; x_wconf 87' lang='lat' dir='ltr'>quis</span> <span class='ocrx_word' id='word_1_221' title='bbox 371 2044 447 2086; x_wconf 87' lang='lat' dir='ltr'>hoc</span> <span class='ocrx_word' id='word_1_222' title='bbox 493 2047 581 2100; x_wconf 81' lang='lat' dir='ltr'>agit</span> <span class='ocrx_word' id='word_1_223' title='bbox 616 2052 658 2088; x_wconf 87' lang='lat' dir='ltr'>et</span> <span class='ocrx_word' id='word_1_224' title='bbox 700 2047 860 2101; x_wconf 83' lang='lat' dir='ltr'>cogitat</span> <span class='ocrx_word' id='word_1_225' title='bbox 901 2060 983 2102; x_wconf 86' lang='lat' dir='ltr'>quo</span> <span class='ocrx_word' id='word_1_226' title='bbox 1019 2060 1147 2089; x_wconf 87' lang='lat' dir='ltr'>sensu</span> <span class='ocrx_word' id='word_1_227' title='bbox 1180 2048 1270 2098; x_wconf 75' lang='grc' dir='ltr'>περί</span> <span class='ocrx_word' id='word_1_228' title='bbox 1316 2048 1357 2088; x_wconf 91' lang='lat' dir='ltr'>in</span> <span class='ocrx_word' id='word_1_229' title='bbox 1404 2047 1477 2089; x_wconf 84' lang='lat' dir='ltr'>tali</span> <span class='ocrx_word' id='word_1_230' title='bbox 1520 2060 1566 2089; x_wconf 89' lang='lat' dir='ltr'>re</span> <span class='ocrx_word' id='word_1_231' title='bbox 1614 2047 1811 2094; x_wconf 84' lang='lat' dir='ltr'>dicatur,</span> 
     </span>
     <span class='ocr_line' id='line_1_27' title="bbox 231 2115 1810 2172; baseline 0.003 -18"><span class='ocrx_word' id='word_1_232' title='bbox 231 2126 415 2169; x_wconf 81' lang='lat' dir='ltr'>namque</span> <span class='ocrx_word' id='word_1_233' title='bbox 445 2115 551 2156; x_wconf 87' lang='lat' dir='ltr'>nihil</span> <span class='ocrx_word' id='word_1_234' title='bbox 588 2116 730 2157; x_wconf 87' lang='lat' dir='ltr'>minus</span> <span class='ocrx_word' id='word_1_235' title='bbox 765 2116 978 2170; x_wconf 79' lang='lat' dir='ltr'>signifieat</span> <span class='ocrx_word' id='word_1_236' title='bbox 1012 2129 1141 2171; x_wconf 84' lang='lat' dir='ltr'>quam</span> <span class='ocrx_word' id='word_1_237' title='bbox 1190 2117 1310 2171; x_wconf 70' lang='lat' dir='ltr'>»pres</span> <span class='ocrx_word' id='word_1_238' title='bbox 1342 2116 1443 2158; x_wconf 89' lang='lat' dir='ltr'>d’un</span> <span class='ocrx_word' id='word_1_239' title='bbox 1478 2119 1810 2172; x_wconf 87' lang='lat' dir='ltr'>promontoire.&#39;’</span> 
     </span>
     <span class='ocr_line' id='line_1_28' title="bbox 231 2182 1810 2243; baseline 0.003 -19"><span class='ocrx_word' id='word_1_240' title='bbox 231 2182 308 2225; x_wconf 87' lang='lat' dir='ltr'>Uhi</span> <span class='ocrx_word' id='word_1_241' title='bbox 343 2189 485 2226; x_wconf 83' lang='lat' dir='ltr'>autem</span> <span class='ocrx_word' id='word_1_242' title='bbox 520 2184 669 2227; x_wconf 88' lang='lat' dir='ltr'>Editor</span> <span class='ocrx_word' id='word_1_243' title='bbox 702 2185 841 2227; x_wconf 73' lang='grc' dir='ltr'>νέοντκ</span> <span class='ocrx_word' id='word_1_244' title='bbox 877 2186 917 2227; x_wconf 91' lang='lat' dir='ltr'>in</span> <span class='ocrx_word' id='word_1_245' title='bbox 953 2186 1119 2228; x_wconf 65' lang='grc' dir='ltr'>νοιίοντκ</span> <span class='ocrx_word' id='word_1_246' title='bbox 1154 2187 1363 2236; x_wconf 83' lang='lat' dir='ltr'>mutavit,</span> <span class='ocrx_word' id='word_1_247' title='bbox 1397 2186 1541 2228; x_wconf 85' lang='lat' dir='ltr'>eadem</span> <span class='ocrx_word' id='word_1_248' title='bbox 1577 2200 1703 2243; x_wconf 88' lang='lat' dir='ltr'>opera</span> <span class='ocrx_word' id='word_1_249' title='bbox 1729 2187 1810 2230; x_wconf 87' lang='lat' dir='ltr'>loci</span> 
     </span>
     <span class='ocr_line' id='line_1_29' title="bbox 230 2254 1810 2310; baseline 0.003 -16"><span class='ocrx_word' id='word_1_250' title='bbox 230 2254 485 2296; x_wconf 88' lang='lat' dir='ltr'>sententiam</span> <span class='ocrx_word' id='word_1_251' title='bbox 522 2254 644 2310; x_wconf 89' lang='lat' dir='ltr'>plane</span> <span class='ocrx_word' id='word_1_252' title='bbox 675 2254 978 2310; x_wconf 89' lang='lat' dir='ltr'>pessumdedit.</span> <span class='ocrx_word' id='word_1_253' title='bbox 1042 2254 1325 2297; x_wconf 86' lang='lat' dir='ltr'>Philostratus</span> <span class='ocrx_word' id='word_1_254' title='bbox 1356 2262 1602 2298; x_wconf 80' lang='lat' dir='ltr'>narraverat</span> <span class='ocrx_word' id='word_1_255' title='bbox 1636 2256 1810 2299; x_wconf 88' lang='lat' dir='ltr'>Veteres</span> 
     </span>
     <span class='ocr_line' id='line_1_30' title="bbox 230 2322 1807 2384; baseline 0.003 -20"><span class='ocrx_word' id='word_1_256' title='bbox 230 2322 288 2364; x_wconf 90' lang='lat' dir='ltr'>nil</span> <span class='ocrx_word' id='word_1_257' title='bbox 323 2324 363 2364; x_wconf 91' lang='lat' dir='ltr'>in</span> <span class='ocrx_word' id='word_1_258' title='bbox 410 2324 583 2366; x_wconf 85' lang='lat' dir='ltr'>athletis</span> <span class='ocrx_word' id='word_1_259' title='bbox 617 2330 829 2380; x_wconf 86' lang='lat' dir='ltr'>spectasse</span> <span class='ocrx_word' id='word_1_260' title='bbox 864 2330 1032 2379; x_wconf 84' lang='lat' dir='ltr'>praeter</span> <span class='ocrx_word' id='word_1_261' title='bbox 1070 2324 1225 2367; x_wconf 87' lang='lat' dir='ltr'>robur:</span> <span class='ocrx_word' id='word_1_262' title='bbox 1269 2327 1290 2374; x_wconf 73' lang='grc' dir='ltr'><em>ἡ</em></span> <span class='ocrx_word' id='word_1_263' title='bbox 1325 2327 1493 2367; x_wconf 53' lang='grc' dir='ltr'>παλαιοὶ</span> <span class='ocrx_word' id='word_1_264' title='bbox 1538 2326 1807 2384; x_wconf 42' lang='lat' dir='ltr'>(ydatius-1257)</span> 
     </span>
     <span class='ocr_line' id='line_1_31' title="bbox 229 2393 1808 2451; baseline 0.002 -16"><span class='ocrx_word' id='word_1_265' title='bbox 229 2393 310 2435; x_wconf 74' lang='grc' dir='ltr'>οὐδ’</span> <span class='ocrx_word' id='word_1_266' title='bbox 345 2394 571 2444; x_wconf 69' lang='grc' dir='ltr'>ἐγίγνωσκε</span> <span class='ocrx_word' id='word_1_267' title='bbox 606 2397 746 2445; x_wconf 62' lang='grc' dir='ltr'>κρᾶσιν</span> <span class='ocrx_word' id='word_1_268' title='bbox 770 2394 887 2435; x_wconf 59' lang='grc' dir='ltr'>ἀλλὰ</span> <span class='ocrx_word' id='word_1_269' title='bbox 916 2394 1040 2445; x_wconf 70' lang='grc' dir='ltr'>μόνην</span> <span class='ocrx_word' id='word_1_270' title='bbox 1071 2396 1143 2443; x_wconf 65' lang='grc' dir='ltr'>τὴν</span> <span class='ocrx_word' id='word_1_271' title='bbox 1170 2396 1318 2447; x_wconf 75' lang='grc' dir='ltr'>ἰσχύν,</span> <span class='ocrx_word' id='word_1_272' title='bbox 1355 2408 1452 2436; x_wconf 81' lang='lat' dir='ltr'>nam</span> <span class='ocrx_word' id='word_1_273' title='bbox 1486 2396 1546 2437; x_wconf 77' lang='lat' dir='ltr'>sit:</span> <span class='ocrx_word' id='word_1_274' title='bbox 1580 2395 1808 2451; x_wconf 81' lang='lat' dir='ltr'>legendum</span> 
     </span>
     <span class='ocr_line' id='line_1_32' title="bbox 229 2461 1809 2520; baseline 0.003 -17"><span class='ocrx_word' id='word_1_275' title='bbox 229 2461 415 2504; x_wconf 80' lang='lat' dir='ltr'>arbitror</span> <span class='ocrx_word' id='word_1_276' title='bbox 451 2463 587 2506; x_wconf 90' lang='lat' dir='ltr'>deleto</span> <span class='ocrx_word' id='word_1_277' title='bbox 621 2463 863 2516; x_wconf 57' lang='grc' dir='ltr'>ἐγύμναζε,</span> <span class='ocrx_word' id='word_1_278' title='bbox 913 2463 1025 2519; x_wconf 82' lang='lat' dir='ltr'>quod</span> <span class='ocrx_word' id='word_1_279' title='bbox 1058 2477 1106 2506; x_wconf 85' lang='lat' dir='ltr'>ex</span> <span class='ocrx_word' id='word_1_280' title='bbox 1150 2466 1345 2520; x_wconf 87' lang='lat' dir='ltr'>sequenti</span> <span class='ocrx_word' id='word_1_281' title='bbox 1393 2464 1594 2506; x_wconf 80' lang='lat' dir='ltr'>vocabulo</span> <span class='ocrx_word' id='word_1_282' title='bbox 1626 2466 1809 2517; x_wconf 70' lang='grc' dir='ltr'>ἐγυμνά-</span> 
     </span>
     <span class='ocr_line' id='line_1_33' title="bbox 228 2532 1806 2591; baseline 0.003 -17"><span class='ocrx_word' id='word_1_283' title='bbox 228 2532 337 2585; x_wconf 79' lang='grc' dir='ltr'>ζοντο</span> <span class='ocrx_word' id='word_1_284' title='bbox 374 2547 594 2589; x_wconf 81' lang='lat' dir='ltr'>perperam</span> <span class='ocrx_word' id='word_1_285' title='bbox 629 2539 692 2576; x_wconf 89' lang='lat' dir='ltr'>est</span> <span class='ocrx_word' id='word_1_286' title='bbox 730 2533 781 2575; x_wconf 85' lang='lat' dir='ltr'>ah</span> <span class='ocrx_word' id='word_1_287' title='bbox 825 2533 999 2576; x_wconf 87' lang='lat' dir='ltr'>Editore</span> <span class='ocrx_word' id='word_1_288' title='bbox 1042 2535 1287 2590; x_wconf 87' lang='lat' dir='ltr'>repetitum.</span> <span class='ocrx_word' id='word_1_289' title='bbox 1353 2535 1511 2577; x_wconf 89' lang='lat' dir='ltr'>Deinde</span> <span class='ocrx_word' id='word_1_290' title='bbox 1546 2536 1603 2577; x_wconf 86' lang='lat' dir='ltr'>ita</span> <span class='ocrx_word' id='word_1_291' title='bbox 1640 2537 1806 2591; x_wconf 83' lang='lat' dir='ltr'>pergit:</span> 
     </span>
     <span class='ocr_line' id='line_1_34' title="bbox 228 2602 1807 2662; baseline 0.001 -17"><span class='ocrx_word' id='word_1_292' title='bbox 228 2603 506 2656; x_wconf 66' lang='grc' dir='ltr'>ἐγυμνάζοντο</span> <span class='ocrx_word' id='word_1_293' title='bbox 549 2604 588 2646; x_wconf 77' lang='grc' dir='ltr'>δὲ</span> <span class='ocrx_word' id='word_1_294' title='bbox 621 2605 654 2645; x_wconf 84' lang='grc' dir='ltr'>οἱ</span> <span class='ocrx_word' id='word_1_295' title='bbox 689 2604 763 2654; x_wconf 79' lang='grc' dir='ltr'>μὲν</span> <span class='ocrx_word' id='word_1_296' title='bbox 797 2602 907 2656; x_wconf 70' lang='grc' dir='ltr'>ἄχθη</span> <span class='ocrx_word' id='word_1_297' title='bbox 948 2604 1137 2657; x_wconf 71' lang='grc' dir='ltr'>φέροντες</span> <span class='ocrx_word' id='word_1_298' title='bbox 1171 2607 1241 2646; x_wconf 75' lang='grc' dir='ltr'>οὐκ</span> <span class='ocrx_word' id='word_1_299' title='bbox 1282 2604 1438 2658; x_wconf 55' lang='lat' dir='ltr'>salmom</span> <span class='ocrx_word' id='word_1_300' title='bbox 1471 2606 1556 2646; x_wconf 79' lang='grc' dir='ltr'>κτέ.</span> <span class='ocrx_word' id='word_1_301' title='bbox 1595 2605 1709 2662; x_wconf 83' lang='lat' dir='ltr'>(nam</span> <span class='ocrx_word' id='word_1_302' title='bbox 1744 2619 1807 2648; x_wconf 87' lang='lat' dir='ltr'>re-</span> 
     </span>
     <span class='ocr_line' id='line_1_35' title="bbox 228 2671 1806 2718; baseline 0.003 -4"><span class='ocrx_word' id='word_1_303' title='bbox 228 2671 458 2716; x_wconf 86' lang='lat' dir='ltr'>secandum</span> <span class='ocrx_word' id='word_1_304' title='bbox 493 2679 557 2717; x_wconf 89' lang='lat' dir='ltr'>est</span> <span class='ocrx_word' id='word_1_305' title='bbox 596 2675 629 2716; x_wconf 78' lang='grc' dir='ltr'>οἷ</span> <span class='ocrx_word' id='word_1_306' title='bbox 677 2675 852 2715; x_wconf 58' lang='grc' dir='ltr'>παλαιοί</span> <span class='ocrx_word' id='word_1_307' title='bbox 895 2673 945 2715; x_wconf 86' lang='lat' dir='ltr'>ab</span> <span class='ocrx_word' id='word_1_308' title='bbox 978 2674 1150 2716; x_wconf 90' lang='lat' dir='ltr'>Editore</span> <span class='ocrx_word' id='word_1_309' title='bbox 1195 2674 1244 2716; x_wconf 92' lang='lat' dir='ltr'>de</span> <span class='ocrx_word' id='word_1_310' title='bbox 1291 2688 1366 2716; x_wconf 89' lang='lat' dir='ltr'>suo</span> <span class='ocrx_word' id='word_1_311' title='bbox 1401 2674 1611 2716; x_wconf 86' lang='lat' dir='ltr'>inutiliter</span> <span class='ocrx_word' id='word_1_312' title='bbox 1643 2681 1741 2717; x_wconf 87' lang='lat' dir='ltr'>ante</span> <span class='ocrx_word' id='word_1_313' title='bbox 1773 2678 1806 2718; x_wconf 79' lang='grc' dir='ltr'>οἱ</span> 
     </span>
     <span class='ocr_line' id='line_1_36' title="bbox 226 2742 1807 2802; baseline 0.003 -19"><span class='ocrx_word' id='word_1_314' title='bbox 226 2742 301 2793; x_wconf 80' lang='grc' dir='ltr'>μέν</span> <span class='ocrx_word' id='word_1_315' title='bbox 335 2743 562 2801; x_wconf 79' lang='lat' dir='ltr'>insertum)</span> <span class='ocrx_word' id='word_1_316' title='bbox 598 2750 638 2786; x_wconf 90' lang='lat' dir='ltr'>et</span> <span class='ocrx_word' id='word_1_317' title='bbox 672 2748 820 2786; x_wconf 85' lang='lat' dir='ltr'>narrat</span> <span class='ocrx_word' id='word_1_318' title='bbox 859 2743 1013 2798; x_wconf 89' lang='lat' dir='ltr'>quibus</span> <span class='ocrx_word' id='word_1_319' title='bbox 1048 2743 1184 2786; x_wconf 85' lang='lat' dir='ltr'>modis</span> <span class='ocrx_word' id='word_1_320' title='bbox 1223 2743 1511 2801; x_wconf 77' lang='lat' dir='ltr'>Polymestor,</span> <span class='ocrx_word' id='word_1_321' title='bbox 1555 2745 1807 2802; x_wconf 70' lang='lat' dir='ltr'>Polydamas</span> 
     </span>
     <span class='ocr_line' id='line_1_37' title="bbox 226 2811 1806 2869; baseline 0.003 -17"><span class='ocrx_word' id='word_1_322' title='bbox 226 2811 383 2867; x_wconf 82' lang='lat' dir='ltr'>aliique</span> <span class='ocrx_word' id='word_1_323' title='bbox 417 2818 580 2856; x_wconf 90' lang='lat' dir='ltr'>veteres</span> <span class='ocrx_word' id='word_1_324' title='bbox 624 2826 780 2869; x_wconf 90' lang='lat' dir='ltr'>corpus</span> <span class='ocrx_word' id='word_1_325' title='bbox 827 2814 1112 2856; x_wconf 82' lang='lat' dir='ltr'>exercuerint.</span> <span class='ocrx_word' id='word_1_326' title='bbox 1179 2814 1286 2855; x_wconf 89' lang='lat' dir='ltr'>Tum</span> <span class='ocrx_word' id='word_1_327' title='bbox 1335 2813 1592 2857; x_wconf 84' lang='lat' dir='ltr'>Tisandrum</span> <span class='ocrx_word' id='word_1_328' title='bbox 1631 2828 1806 2858; x_wconf 84' lang='lat' dir='ltr'>narrare</span> 
     </span>
     <span class='ocr_line' id='line_1_38' title="bbox 227 2880 1806 2938; baseline 0.004 -16"><span class='ocrx_word' id='word_1_329' title='bbox 227 2880 378 2937; x_wconf 88' lang='lat' dir='ltr'>incipit</span> <span class='ocrx_word' id='word_1_330' title='bbox 419 2883 527 2925; x_wconf 80' lang='lat' dir='ltr'>circa</span> <span class='ocrx_word' id='word_1_331' title='bbox 568 2882 682 2926; x_wconf 65' lang='lat' dir='ltr'>Nasci</span> <span class='ocrx_word' id='word_1_332' title='bbox 707 2884 989 2938; x_wconf 73' lang='lat' dir='ltr'>promontoria</span> <span class='ocrx_word' id='word_1_333' title='bbox 1032 2890 1175 2925; x_wconf 72' lang='lat' dir='ltr'>natare</span> <span class='ocrx_word' id='word_1_334' title='bbox 1217 2883 1388 2926; x_wconf 88' lang='lat' dir='ltr'>solitum</span> <span class='ocrx_word' id='word_1_335' title='bbox 1431 2898 1478 2927; x_wconf 89' lang='lat' dir='ltr'>eo</span> <span class='ocrx_word' id='word_1_336' title='bbox 1524 2899 1730 2928; x_wconf 88' lang='lat' dir='ltr'>manuum</span> <span class='ocrx_word' id='word_1_337' title='bbox 1764 2892 1806 2928; x_wconf 90' lang='lat' dir='ltr'>et</span> 
     </span>
     <span class='ocr_line' id='line_1_39' title="bbox 227 2953 1806 3010; baseline 0.006 -19"><span class='ocrx_word' id='word_1_338' title='bbox 227 2953 415 3008; x_wconf 84' lang='lat' dir='ltr'>corporis</span> <span class='ocrx_word' id='word_1_339' title='bbox 449 2953 651 2997; x_wconf 87' lang='lat' dir='ltr'>exercitio</span> <span class='ocrx_word' id='word_1_340' title='bbox 683 2966 809 2996; x_wconf 85' lang='lat' dir='ltr'>usum</span> <span class='ocrx_word' id='word_1_341' title='bbox 855 2967 956 2998; x_wconf 90' lang='lat' dir='ltr'>esse.</span> <span class='ocrx_word' id='word_1_342' title='bbox 1023 2954 1172 3010; x_wconf 85' lang='lat' dir='ltr'>ltaque</span> <span class='ocrx_word' id='word_1_343' title='bbox 1206 2954 1278 3010; x_wconf 88' lang='lat' dir='ltr'>qui</span> <span class='ocrx_word' id='word_1_344' title='bbox 1317 2967 1366 2997; x_wconf 80' lang='lat' dir='ltr'>ex</span> <span class='ocrx_word' id='word_1_345' title='bbox 1407 2953 1473 2998; x_wconf 79' lang='lat' dir='ltr'>liis</span> <span class='ocrx_word' id='word_1_346' title='bbox 1515 2956 1683 2999; x_wconf 61' lang='lat' dir='ltr'>natandi</span> <span class='ocrx_word' id='word_1_347' title='bbox 1716 2970 1806 3000; x_wconf 78' lang='lat' dir='ltr'>ver-</span> 
     </span>
    </p>
   </div>
  </div>
 </body>
</html>
