2316 3491
903 216 956 255 65

142 332 180 374 bi
216 332 347 381 solet,
380 328 658 372 describentis
700 328 830 370 aciem
879 328 1036 383 fugisse
1083 327 1294 369 videntur.

201 402 247 443 In
283 401 333 442 iis
372 412 479 454 quae
513 398 795 440 Philostratus
829 398 978 439 scribit
1028 411 1065 452 p.
1099 399 1155 439 20
1189 410 1281 452 sqq.
1319 395 1422 438 nihil
1455 401 1516 438 est
1550 393 1600 436 de
1633 405 1716 449 quo

143 483 222 512 non
272 469 376 511 satis
424 467 594 510 aliunde
637 467 873 509 constabat.
952 466 1159 509 Eusebius
1204 469 1242 508 ἕν
1292 472 1375 512 τοῖς
1426 470 1621 518 Χρονικοῖς
1667 476 1717 505 cx

141 538 340 581 Africano
378 544 419 579 et
461 537 689 579 Pausanias
726 536 827 578 haee
868 538 1009 578 omnia
1045 536 1177 577 multo
1210 536 1458 590 diligentius
1493 541 1534 577 ct
1580 534 1716 589 copio-

141 609 231 650 sius
266 608 493 649 memoriae
523 605 814 661 prodiderunt.
880 605 1017 646 Unum
1057 610 1223 646 tantum
1260 618 1410 646 nomen
1445 603 1555 660 apud
1590 603 1717 645 Euse-

141 676 257 718 bium
305 676 453 718 lcviter
498 679 747 728 corruptum
791 673 1006 715 emendari
1043 679 1178 727 potest
1221 687 1268 715 cx
1314 674 1379 715 his
1427 673 1718 715 Philostrateis

145 760 183 802 p.
216 750 300 795 20,
336 749 387 786 5:
437 743 480 793 ἧν
521 744 595 794 μὲν
638 743 720 794 ’γάρ
754 743 809 784 τά
853 742 987 784 πάλοιι
1027 743 1212 793 ὀλύμπιοι
1255 743 1310 789 εἷς
1357 745 1428 792 την
1472 744 1606 795 τρίτην
1651 742 1716 783 ἐπὶ

141 816 238 858 δέκα
271 814 510 865 ἐλυμπιάδά
540 813 677 858 malou
710 811 851 863 μόνον,
887 812 955 854 uxi
995 813 1128 855 ἐνίκων
1159 814 1197 854 ἐν
1229 814 1368 860 αὐτοῖς
1399 815 1550 855 Ἠλεῖοι
1584 818 1718 865 τρεῖς,

142 885 251 927 ἑπτά
295 885 546 932 Μεσσήνιοι,
589 881 807 934 Κορίνθιος,
849 887 1060 932 Δυμοιῖος,
1112 889 1368 934 Κλεωνάῖος,
1419 882 1546 930 ἄλλος
1583 882 1717 930 άλλην

143 953 408 1005 ἐλυμπιάδκ,
457 952 522 995 δύο
565 953 605 994 δὲ
646 951 770 998 οὐδεὶς
811 951 1001 998 ὁοιὺτός.
1068 952 1227 994 Horum
1274 954 1466 994 omnium
1514 953 1718 994 memoria

142 1028 309 1066 servata
350 1028 414 1064 est
461 1021 571 1077 apud
614 1021 860 1063 Eusebium.
927 1022 1077 1063 Ἠλεῖοι
1111 1027 1216 1074 τρεῖς
1252 1027 1351 1064 sunt
1383 1023 1595 1075 Κόροιβος,
1628 1025 1718 1064 Ἀν-

141 1094 352 1146 τίμάχος,
401 1092 626 1144 Αἷσχίνης,
676 1091 747 1145 qui
796 1091 991 1132 vicerunt
1042 1089 1208 1147 Olymp.
1242 1092 1287 1141 Ι,
1321 1092 1358 1134 11
1391 1098 1430 1134 et
1467 1092 1513 1133 V.
1578 1093 1718 1133 Ἑπτά

141 1164 361 1211 Μεσσήνιοι
408 1161 674 1217 appellantur
713 1161 981 1212 ”Ανδροκλος,
1029 1160 1277 1213 Πολυχάρης
1314 1162 1382 1216 ¹),
1430 1168 1605 1210 Διοκλῆς
1646 1161 1717 1218 ²),

143 1232 392 1281 Ἀντικλῆς,
434 1237 656 1280 Ξενοκλῆς,
704 1229 929 1278 Δωτάδης,
975 1230 1234 1282 Λεωχάρης,
1282 1230 1464 1272 victores
1506 1230 1719 1288 Olympia-

144 1301 244 1344 dun]
280 1300 360 1350 ΙΙΙ,
394 1300 477 1349 IV,
512 1300 616 1348 VII,
652 1299 773 1349 VIII,
818 1299 904 1347 IX,
948 1299 984 1341 X
1024 1305 1065 1342 et
1109 1300 1179 1342 XI.
1257 1300 1372 1342 Unus
1418 1305 1482 1342 est
1528 1301 1719 1353 Κορίνθιος

144 1372 215 1426 qui
252 1369 501 1427 Olympiade
519 1369 629 1411 XIII.
665 1370 764 1411 vicit
795 1375 997 1418 Διοκλῆς,
1033 1383 1145 1411 unus
1172 1375 1357 1420 Δυμάῖος
1386 1371 1523 1412 victor
1553 1369 1719 1427 Olymp.

144 1441 213 1482 VI.
265 1441 489 1491 Οἰβώτκς,
532 1438 582 1481 de
613 1451 696 1494 quo
731 1438 825 1480 vide
869 1439 1121 1481 Pausaniam
1158 1439 1223 1481 VI.
1259 1453 1315 1481 111.
1352 1442 1377 1482 8
1421 1446 1462 1482 et
1495 1440 1583 1482 vll.
1620 1454 1720 1482 xvn.

144 1513 170 1552 6
204 1515 245 1551 ct
282 1513 347 1551 15.
428 1507 630 1563 Superest
680 1509 815 1550 victor
865 1507 1129 1565 Olympiadis
1168 1510 1271 1559 ΧΙΙ,
1321 1510 1393 1565 qui
1442 1509 1492 1551 ab
1539 1509 1721 1551 Eusebio

142 1578 362 1628 Ὀξύθεμις
398 1583 613 1630 Κορωνάῖος
645 1578 910 1633 appellatur,
945 1577 1015 1619 sed
1045 1592 1124 1619 non
1152 1578 1367 1620 dubitabis
1400 1580 1501 1634 quin
1533 1579 1601 1622 ille
1633 1581 1722 1636 ipse

144 1649 200 1691 sit
232 1650 249 1690 ὁ
281 1654 506 1695 Κλεωνάῖος
526 1680 535 1696 ,
569 1660 694 1702 quem
727 1650 1075 1689 commemoravit
1109 1648 1403 1690 Philostratus.

205 1717 323 1770 Quod
369 1721 513 1758 narrat
553 1715 751 1771 sophista
798 1730 834 1771 p.
871 1719 953 1766 20,
990 1720 1056 1758 17.
1103 1716 1164 1759 ὅτι
1208 1717 1383 1770 κράτιςοο
1427 1719 1443 1759 0‘
1494 1725 1721 1772 Σμυρνκῖος

147 1790 376 1839 Ὀνομοιςος
411 1786 647 1833 πυκτεύσοις
681 1786 997 1834 §ulmos—ux}
1031 1787 1170 1838 νόμους
1205 1787 1365 1841 ἔγραφε
1389 1814 1433 1819 —-
1472 1790 1719 1838 πυκτικούς,

145 1858 213 1901 κά)
251 1859 321 1899 οὐκ
353 1858 522 1908 ἤχθοντο
563 1858 594 1898 οἱ
628 1856 825 1908 Ἀρκάδες
857 1857 889 1898 εἶ
931 1856 1072 1907 νόμους
1112 1857 1272 1910 ἕγροιῲέ
1311 1874 1372 1904 τις
1416 1860 1554 1906 αὐτοῖς
1588 1885 1648 1893 —-
1678 1859 1723 1909 ἐξ

145 1928 297 1974 Ἰωνίάς
332 1927 451 1968 ἐλθὼν
484 1931 556 1974 τῆς
598 1926 764 1977 άβράς,
800 1926 1135 1981 componendum
1171 1933 1233 1969 est
1267 1941 1363 1969 cum
1400 1928 1573 1970 Eusehii
1608 1930 1723 1971 testi-

148 1998 290 2039 monio
333 1995 384 2037 ad
430 1994 666 2052 Olympiad.
703 1996 851 2038 XXIII.
899 1997 1169 2038 annotantis:
1215 1998 1436 2049 Προσετέθη
1474 2001 1622 2049 πυγμὴ
1654 2000 1722 2041 mc}

146 2067 378 2118 Ὀνόμάςος
426 2070 651 2117 Σμυρναῖος
693 2066 805 2107 ἔνι’κοο
847 2066 863 2107 ὂ
897 2066 964 2107 ua)
1001 2072 1051 2119 τῆ
1093 2073 1242 2119 πυγμῇ
1276 2066 1417 2117 νόμους
1461 2068 1647 2118 θέμενος,
1683 2074 1724 2110 et

148 2136 383 2178 Pausaniae
423 2136 467 2175 V.
504 2148 590 2176 vm.
627 2138 665 2176 7.
731 2134 961 2185 Ὀνόμοιςος
1003 2135 1043 2177 ’δὲ
1087 2136 1265 2183 ἐνίκησεν
1307 2138 1351 2178 ἐκ
1395 2137 1581 2189 Σμύρνης
1633 2155 1724 2180 συν-

146 2207 344 2253 τελούσης
379 2206 449 2255 ἤδη
480 2208 708 2252 τηνικαῦτά
741 2205 779 2251 ἐς
808 2207 968 2252 Ἴωνάς.
1035 2205 1181 2260 Itaque
1218 2206 1327 2261 quod
1362 2206 1511 2249 scribit
1543 2207 1725 2249 Herodo-

149 2281 219 2318 tus
247 2276 279 2317 Ι.
321 2278 417 2317 150.
468 2274 519 2316 de
549 2274 733 2331 Smyrna
767 2274 818 2316 ab
849 2274 1020 2317 Ionibus
1059 2281 1262 2331 occupata
1302 2281 1399 2318 ante
1434 2290 1592 2319 annum
1624 2281 1723 2320 088.

147 2344 318 2389 accidit.

205 2552 240 2600 1)
270 2553 502 2598 Πολυχάρης
542 2551 766 2597 Μεσσήνιος
806 2554 852 2589 τά
883 2567 923 2589 τε
953 2553 1050 2589 ἄλλα
1086 2553 1158 2605 0ρκ
1196 2552 1341 2600 ἀφανής
1363 2557 1426 2590 καὶ
1455 2559 1564 2602 νίκην
1588 2560 1730 2605 Ὀλυμ-

149 2607 287 2655 ζιίασιν
327 2601 572 2651 ἀνῃρημένος.
613 2604 798 2650 τετάρτην
837 2604 1076 2651 Ὀλυμπιάδα
1113 2606 1201 2653 ἦγον
1235 2608 1392 2641 ’11λεῖοι
1430 2609 1494 2642 καὶ
1533 2607 1730 2657 ἀγώνισμα

151 2656 195 2700 ἦν
221 2653 360 2696 ςαδίου
394 2658 516 2699 μόνον
545 2654 609 2689 ὅτε
641 2653 662 2689 ό
689 2655 919 2702 Πολυχάρης
941 2655 1128 2700 ἐνίκησεν.
1173 2663 1349 2695 Pausanias
1378 2664 1433 2696 lv.
1459 2674 1489 2697 v.
1523 2667 1554 2697 5.
1610 2666 1729 2698 Notum

150 2717 203 2743 est:
231 2722 352 2742 nomen
380 2711 481 2742 huius
509 2712 699 2752 Polycharis
728 2713 761 2742 in
791 2713 878 2743 hello
906 2713 1107 2745 Messeniaco
1136 2716 1251 2757 primo.

207 2757 243 2808 2)
286 2764 412 2795 Vitiosa
453 2768 505 2795 est
531 2765 619 2806 apud
657 2765 836 2796 Eusebium
867 2766 1041 2807 scriptura.
1097 2768 1219 2799 Verum
1248 2780 1368 2800 nomen
1412 2772 1555 2803 servavit
1583 2772 1731 2812 Phlegon

154 2818 338 2849 Trallianus
367 2817 401 2847 in
427 2817 542 2858 fragm.
571 2818 698 2860 Olymp.
737 2812 882 2860 πρῶιος
923 2812 955 2847 δ’
998 2811 1230 2861 ἒςεφανώθη
1274 2817 1446 2860 Δαϊκλῆς
1482 2818 1728 2862 Μεσσήνιος,

155 2863 197 2904 ὅς
234 2866 278 2909 τῇ
317 2862 463 2912 ἑβδόμῃ
505 2864 737 2910 Ὀλυμπιάδι
788 2863 927 2905 ςάδιον
967 2862 1102 2912 ἐνίκα,
1154 2872 1188 2903 ὶη
1230 2874 1477 2905 Westermanni
1519 2875 1733 2916 Paradoxogr.

153 2931 186 2962 p.
217 2920 303 2954 207.
