2366 3540
1393 244 1448 283 30

638 358 813 402 verbum
845 356 1127 412 compositum
1157 356 1504 408 παρακελεύουσιν
1529 356 1737 413 eleqanler
1771 359 1968 414 usurpari
2003 373 2076 415 pro
2110 360 2210 402 sim-

637 429 738 485 plici
784 427 1029 470 κε).ευόυσιν.
1105 423 1186 466 Sed
1235 423 1473 476 πράττομοοι
1517 439 1592 481 pro
1637 425 1804 478 πράττω
1842 433 2073 470 extremam
2121 441 2210 470 esse

636 497 874 539 barbariem
909 499 949 536 et
983 491 1116 534 nihilo
1153 493 1299 535 sanius
1331 506 1458 549 quam
1502 493 1667 536 Datidis
1703 496 1905 548 χαίρομαι
1943 497 2005 538 vel
2053 498 2210 538 Burno·

636 568 704 608 vio
736 565 876 607 iudice
909 564 1093 605 vincam.
1159 562 1390 605 Videamus
1423 562 1525 619 quid
1569 564 1781 606 sententia
1827 563 1906 606 loci
1949 565 2112 620 flagitet
2139 565 2212 608 'vel

637 634 841 690 requirat.
911 633 970 674 De
1013 631 1185 674 athletis
1230 631 1302 674 illa
1342 632 1427 674 dici
1468 638 1662 688 apertum
1706 638 1798 682 est,
1842 633 1876 674 si
1925 633 2027 688 quid
2062 666 2071 675 .
2110 667 2118 675 .
2157 667 2165 675 .
2201 666 2211 676 .

636 701 1012 756 παρακελεύουσινῖ
1063 714 1144 742 non
1191 700 1361 752 hercle,
1393 701 1466 744 sed
1509 701 1547 744 εἴ
1585 718 1624 745 τι
1667 702 2052 754 παρκκούουσιν.
2117 701 2212 744 Om-

637 774 756 815 nium
788 785 866 814 usu
904 771 1055 813 tritum
1088 769 1265 812 verbum
1299 776 1364 812 est
1400 769 1451 812 de
1484 783 1562 820 eo,
1596 771 1667 827 qui
1700 785 1779 812 non
1813 778 1871 813 est
1909 771 2014 814 dicto
2044 771 2214 813 audiens

637 848 679 885 et
720 855 798 882 non
840 841 941 882 salis
986 840 1059 881 Ιιοο
1092 839 1195 894 aqit.
1262 838 1380 881 Servi
1426 853 1608 895 nequam
1654 839 1846 882 solebant
1889 845 1967 883 τῶν
2008 841 2214 883 δεσποτῶν

637 910 909 962 παρακούειν,
945 913 989 949 ut
1018 908 1060 949 in
1094 906 1390 962 Aristophanis
1423 908 1554 949 Ranis
1583 922 1643 950 vs.
1679 912 1780 952 750.
1848 908 2052 964 Superest
2085 911 2213 963 προέτ-

637 994 768 1026 τοιτο,
802 978 844 1018 in
872 990 954 1032 quo
982 977 1207 1033 vapulandi
1240 975 1414 1018 verbum
1445 976 1576 1019 latere
1607 976 1722 1019 sacili
1762 979 1928 1032 negotio
1969 980 2212 1035 perspicies.

638 1048 713 1090 Est
745 1048 879 1103 igitur
918 1046 970 1089 ad
1018 1058 1192 1088 manum
1235 1045 1453 1088 lenissima
1499 1046 1706 1088 correctio
1754 1044 1879 1088 haec:
1924 1046 2106 1098 μοὶςιγος
2144 1048 2213 1090 καὶ

638 1119 693 1171 τῷ
726 1123 922 1170 γυμνκςῇ
949 1115 1259 1168 παρηρτημένης
1289 1114 1336 1157 ἵν’
1368 1114 1406 1156 εἴ
1434 1131 1474 1157 τι
1508 1115 1780 1167 παρκκούουσι
1819 1115 2063 1158 παίοιντο.
2129 1118 2210 1159 Re-

641 1187 757 1242 liqua
791 1187 852 1228 sic
882 1186 1038 1228 Gallice
1084 1190 1333 1227 vertuntur:
1379 1183 1749 1240 »L’helle'nodique
1791 1184 1928 1227 donne
1961 1185 2034 1227 des
2068 1185 2214 1228 ordres

641 1255 907 1306 inflexibtes,
954 1255 1161 1311 puisqu’z'l
1200 1261 1258 1296 est
1288 1256 1383 1309 prc'c
1420 1269 1445 1295 a
1485 1254 1650 1296 clzasser
1691 1253 1764 1296 des
1805 1254 1907 1309 jeux
1951 1255 2217 1312 olympiques

641 1338 747 1368 ceux
784 1325 855 1380 qui
903 1324 1093 1366 refusent
1138 1323 1189 1365 de
1231 1324 1296 1380 s'y
1342 1323 1623 1365 soumettre.''
1697 1323 1808 1365 Haec
1852 1337 2018 1378 quoque
2062 1324 2217 1379 quibus

641 1395 758 1437 vitiis
785 1393 974 1436 laborent
1003 1392 1125 1435 facile
1169 1397 1356 1448 apparet.
1422 1391 1565 1444 Quid?
1600 1391 1803 1444 εἴργεσθαι
1834 1392 2042 1443 ὀλυμπίων
2072 1393 2216 1435 crede-

643 1477 738 1506 mus
771 1463 1011 1518 significare
1060 1461 1252 1504 »claeasser
1281 1460 1353 1502 des
1381 1461 1483 1516 jeux
1522 1460 1876 1518 Olympiques?''
1940 1461 2050 1512 Quid
2084 1462 2217 1517 igitur

641 1534 723 1576 erit
767 1532 977 1583 ὀλυμπίων
1007 1530 1241 1583 εἵργεινῖ
1305 1530 1396 1572 Nisi
1442 1529 1549 1572 sorte
1594 1529 1770 1585 perinde
1814 1534 1876 1572 est
1917 1529 2066 1583 εἵργειν
2100 1530 2216 1573 dicas

641 1615 693 1644 an
727 1602 946 1654 εἴργεσθαι.
1010 1600 1102 1642 Noli
1145 1599 1318 1642 credere
1361 1605 1402 1642 et
1445 1599 1708 1642 commodam
1758 1613 1925 1642 mecum
1959 1613 2115 1656 quaere
2147 1600 2216 1643 de-

641 1678 842 1728 pravatae
875 1671 1112 1725 scripturae
1145 1668 1498 1711 emendationem.
1561 1669 1781 1721 Εἴργεσθοιι
1815 1670 2030 1725 passivum
2061 1675 2125 1712 est
2156 1669 2216 1711 di-

642 1741 840 1796 citurque
874 1739 925 1782 de
960 1740 1010 1780 iis
1042 1739 1115 1794 qui
1148 1737 1261 1779 ludis
1292 1745 1483 1780 arcentur
1516 1738 1579 1780 vel
1611 1738 1902 1782 eccclmlunlur.
1969 1739 2118 1794 Itaque
2154 1739 2216 1780 sic

642 1809 888 1851 Philostrati
919 1821 1093 1850 manum
1122 1807 1320 1849 restitue:
1352 1809 1402 1854 ὡς
1432 1807 1897 1859 παραιτουμένοις
1927 1812 2066 1850 ταῦτα
2099 1807 2214 1850 ἕτοι·

642 1893 735 1930 μον
767 1878 975 1928 ὀλυμπίων
1007 1876 1235 1930 &hysa-dm,
1269 1889 1375 1932 quae
1405 1877 1637 1931 interprete
1668 1889 1748 1917 non
1785 1875 1989 1931 indigent.
2055 1877 2108 1919 Ut
2141 1877 2214 1918 La-

641 1947 730 1989 tine
755 1953 902 2002 pamla
919 1961 1052 2002 poena
1082 1959 1175 1988 esse
1203 1945 1362 1987 dicitur
1389 1958 1497 2000 quae
1525 1946 1668 1987 statim
1698 1945 1852 1988 luenda
1885 1946 1963 1995 sit,
1996 1946 2057 1988 sic
2090 1946 2214 1989 Grae-

642 2029 690 2058 ce
732 2014 888 2067 ἕτοιμον
929 2013 1030 2057 εἶναι
1071 2016 1278 2057 usitatum
1318 2021 1376 2057 est
1412 2013 1566 2056 dicere.
1630 2015 1742 2056 Haec
1785 2015 1927 2056 omnia
1956 2014 2040 2057 dici
2070 2015 2120 2057 de
2153 2027 2214 2057 se-

643 2086 821 2128 veritate
861 2084 1061 2127 Eleorum
1102 2084 1145 2126 in
1187 2084 1365 2126 athletas
1394 2084 1438 2125 iu
1471 2084 1615 2140 aprico
1647 2090 1711 2127 est
1742 2097 1816 2127 nec
1848 2084 2044 2140 pluribus
2076 2084 2216 2127 verbis

642 2160 706 2198 est
737 2168 855 2211 opus.

703 2224 842 2266 Redeo
880 2237 994 2266 nunc
1030 2221 1083 2265 ad
1128 2222 1248 2265 illum
1291 2222 1462 2273 locum,
1513 2237 1637 2279 quem
1684 2237 1812 2280 supra
1853 2223 2005 2278 attigi,
2048 2223 2099 2265 de
2132 2223 2211 2281 Ly-

642 2295 764 2349 curgi
796 2293 959 2349 legibus
1003 2306 1046 2349 p.
1082 2295 1161 2343 42,
1195 2296 1233 2336 8.
1299 2293 1358 2335 Dc
1399 2294 1583 2350 Lycurgi
1617 2306 1751 2342 cura,
1798 2299 1844 2336 ut
1887 2292 2025 2335 valida
2065 2299 2107 2335 et
2151 2306 2215 2335 ro-

640 2364 765 2407 busta
800 2363 936 2419 proles
963 2369 1236 2413 nasceretur,
1271 2363 1493 2405 notissima
1518 2362 1648 2405 refert
1674 2369 1714 2404 et
1739 2364 1910 2418 apponit
1940 2362 2125 2420 Lycurgi
2158 2362 2216 2405 le-

641 2448 760 2490 gem:
794 2433 1085 2486 γυμνκζέσθων
1116 2435 1159 2475 αἱ
1193 2432 1304 2485 κόραι
1334 2433 1402 2474 καὶ
1431 2432 1619 2474 οὶνείσθων
1648 2433 1822 2487 δημοσίᾳ
1848 2432 2031 2485 τρέχειν,
2063 2432 2216 2475 deinde

642 2505 702 2546 ita
751 2504 913 2559 pergit:
964 2504 1062 2555 ὑπὲρ
1105 2503 1321 2550 san-affilas
1365 2503 1489 2551 δήπου
1534 2503 1602 2545 uxi
1650 2506 1721 2544 τοῦ
1765 2503 1822 2545 τὰ
1865 2502 2015 2553 ἔκγονοι
2058 2502 2212 2553 βελτίω

640 2574 820 2622 τίκτειν,
870 2573 999 2625 ὑπὲρ
1046 2576 1115 2614 τοῦ
1150 2573 1334 2625 ἐρρῶσθαι
1368 2573 1413 2614 τὸ
1446 2577 1581 2623 σῶμα.
1647 2573 1693 2614 In
1740 2571 1806 2614 his
1847 2572 2012 2614 Editori
2055 2572 2213 2614 mirum

641 2642 743 2699 quid
792 2641 973 2685 accidit:
1022 2643 1190 2684 vitiavit
1234 2642 1399 2684 Codicis
1444 2643 1712 2684 sanissimam
1765 2641 2018 2690 lectionem,
2062 2640 2214 2684 deinde

640 2712 780 2755 locum
816 2712 927 2754 ultro
955 2725 978 2754 a
1012 2725 1056 2754 se
1090 2718 1338 2768 corruptum
1365 2717 1480 2754 recte
1512 2713 1676 2768 accepit
1709 2716 1750 2753 et
1774 2711 1879 2753 bene
1907 2712 2048 2754 vertit.
2114 2712 2214 2754 Ver-

642 2783 694 2824 tit
726 2782 838 2824 enim
873 2783 960 2824 sic:
1009 2781 1116 2824 »alin
1153 2782 1326 2837 qu’elles
1368 2783 1483 2824 aient
1525 2781 1597 2824 des
1639 2780 1805 2824 ensants
1848 2781 1943 2823 bien
1993 2780 2121 2830 faits,
2172 2786 2214 2824 et

642 2851 816 2907 qu'elles
849 2857 1029 2893 mettent
1062 2864 1116 2894 au
1150 2851 1302 2893 monde
1335 2864 1417 2894 une
1450 2851 1670 2894 meilleure
1702 2852 2005 2907 progeniture,
2047 2851 2214 2892 allendu

641 2935 718 2976 que
751 2921 839 2964 leur
866 2935 1016 2979 propre
1043 2935 1159 2978 corps
1192 2936 1283 2965 sera
1317 2920 1444 2977 sor!.'’
1507 2920 1615 2964 Illud
1649 2921 1787 2978 ipsum
1827 2920 2110 2964 Philostratus
2142 2933 2210 2962 vo·
