2316 3491
1304 221 1358 259 70

552 333 670 376 ribus
712 334 820 377 ficta.
897 333 1013 375 Vidit
1057 337 1098 374 et
1140 331 1248 374 hanc
1295 332 1628 375 vetustissimam
1668 338 1851 376 statuam
1895 332 2120 388 Phigaleae

552 403 782 445 Pausanias
816 402 923 444 VIII.
958 416 1020 444 xc.
1058 405 1105 443 1:
1140 405 1369 452 Φιγαλεῦσι
1402 402 1442 444 δὲ
1475 401 1636 454 άνδριάς
1658 403 1739 446 ἐςιν
1765 403 1831 444 ἐπὶ
1858 408 1931 452 τῆς
1962 404 2119 454 ἀγορᾶς

551 473 803 524 Ἀρριχίωνος
854 474 923 513 τοῦ
977 473 1296 523 παγκρατιαςοῦ
1330 496 1387 502 —
1417 472 1606 524 ἀρχαῖος.
1646 496 1704 502 —
1745 471 1910 521 λέγουσι
1965 472 2006 513 δὲ
2049 470 2117 512 και

550 541 803 592 ἐπίγραμμα
846 541 911 582 ἐπ’
943 542 1070 589 αὐτην
1102 544 1339 593 γραφῆναι·
1379 540 1448 582 καὶ
1480 543 1597 582 τοῦτο
1636 540 1710 591 μὲν
1736 540 1910 593 &comaco
1945 541 2020 582 ὑπὸ
2048 533 2120 582 τοῦ

549 609 707 661 χρόνου.
772 610 926 651 Mirum
959 623 1039 651 non
1084 615 1177 659 est,
1210 621 1306 650 nam
1342 623 1473 664 quum
1512 609 1613 652 haec
1657 611 1886 651 Pausanias
1919 609 2123 650 scriberet.

553 678 860 733 praeterierant
905 680 1005 721 anni
1040 681 1138 721 758.
1182 691 1232 721 ex
1280 692 1363 734 quo
1407 678 1631 721 Arrichion
1673 680 1714 721 in
1758 679 1896 722 media
1944 678 2123 721 victoria

551 748 819 802 exspirasset.

611 817 820 871 Corrupta
851 815 973 857 verba
1009 829 1049 871 p.
1086 819 1165 866 54,
1200 819 1240 858 2.
1284 818 1553 867 άπιςούμενον
1593 819 1632 859 ἐν
1660 820 1882 874 Ὀλυμπία
1913 819 1986 866 την
2015 834 2124 869 πυγ-

552 887 632 937 μὴν
662 887 716 938 τῷ
751 884 967 938 άντιπάλῳ
1000 885 1074 927 diu
1107 891 1149 927 et
1182 885 1365 928 multum
1401 899 1468 928 me
1499 894 1811 938 exercuerunt,
1844 888 1916 929 sed
1950 887 2123 929 frustra.

552 954 666 996 Nihil
712 955 799 996 exit
843 953 953 1009 quod
999 954 1127 996 simul
1174 955 1409 997 sententiae
1442 960 1481 997 et
1515 954 1746 998 Graecitati
1789 959 1846 999 ita
1893 955 2125 998 satisfaciat

555 1029 603 1066 ut
635 1037 717 1065 non
751 1024 879 1064 nimis
918 1037 939 1064 a
975 1024 1145 1079 vulgata
1176 1023 1357 1066 lectione
1396 1022 1597 1065 discedat.
1662 1025 1897 1081 Inspiciant
1931 1025 2126 1067 Codicem

553 1093 708 1149 quihus
741 1094 822 1135 erit
871 1093 998 1135 huius
1039 1094 1103 1135 rei
1146 1094 1279 1148 copia.
1344 1092 1499 1135 Contra
1545 1094 1704 1149 aliquid
1745 1094 1924 1150 dispicio
1965 1108 1991 1150 p
2037 1097 2125 1145 54,

555 1166 626 1206 20.
662 1164 704 1204 in
737 1162 917 1204 ridicula
950 1162 1130 1205 lectione
1170 1165 1240 1205 οὐκ
1277 1161 1451 1212 ἀπαξιοῖ
1478 1164 1520 1205 τί
1551 1179 1596 1205 σε
1635 1165 1712 1205 τῶν
1755 1165 1902 1211 ἑαυτῆς
1935 1164 2128 1205 παιδικῶν

554 1238 724 1275 νικῶντα
751 1232 1049 1284 Ὀλυμπίαζε,
1092 1231 1164 1274 uhi
1206 1232 1312 1274 haec
1342 1231 1474 1274 latere
1513 1233 1729 1288 suspicor:
1775 1234 1846 1274 οὐκ
1879 1230 2054 1281 ἀπαξιοῖ
2081 1249 2128 1274 σε

556 1304 747 1355 ἐραςην
791 1304 812 1351 ἦ
858 1303 1119 1350 παιδίσκη
1165 1307 1334 1344 νικῶντα
1379 1303 1656 1352 Ὀλυμπίασι.
1731 1301 1896 1344 Urbane
1947 1307 2129 1344 utuntur

554 1377 718 1413 veteres
763 1371 1006 1412 nominihus
1049 1371 1243 1419 παιδίσκη
1279 1377 1320 1413 et
1361 1371 1640 1424 παιδισκάριον
1681 1372 1722 1412 in
1761 1372 1951 1413 oratione
1991 1371 2129 1414 iocosa

555 1446 628 1482 aut
662 1440 862 1482 hilariore
896 1446 968 1482 aut
1002 1441 1036 1481 si
1069 1440 1237 1495 quando
1268 1442 1517 1483 contemtim
1551 1441 1601 1483 de
1632 1439 1849 1482 amoribus
1880 1440 2127 1495 loquuntur.

554 1509 660 1551 Nota
708 1515 771 1551 est
818 1509 988 1566 querela
1037 1510 1326 1553 Thrasonidae
1372 1514 1445 1553 τοῦ
1494 1511 1749 1561 Μισουμένου
1798 1509 1911 1566 apud
1962 1510 2129 1553 Menan-

556 1579 679 1621 drum
701 1595 708 1621 :

797 1648 1185 1702 παιδισκάριόν
1217 1666 1271 1701 με
1305 1650 1630 1692 καταδεδούλωκ’
1662 1649 1841 1697 εὐτελές.

558 1718 785 1760 Clementis
844 1717 1118 1761 Alexandrini
1177 1719 1468 1761 testimonium
1518 1718 1795 1774 peridoneum
1840 1719 2030 1762 Dindorf.
2078 1719 2130 1762 ad

559 1786 703 1842 Steph.
740 1787 862 1829 Thes.
897 1788 1039 1830 attulit
1073 1801 1122 1830 ex
1157 1788 1335 1844 Paedag.
1372 1802 1408 1844 p.
1446 1790 1556 1831 105:
1607 1787 1651 1830 οὔ
1682 1804 1748 1838 μοι
1782 1790 1908 1835 δοκεῖς
1937 1794 2130 1838 Ἀττικῆς

557 1857 713 1898 ἐπαΐειν
745 1861 882 1910 φωνῆς
925 1860 1021 1910 παρ’
1055 1857 1098 1907 ἧς
1140 1858 1220 1902 έςιν
1252 1859 1444 1909 ἐκμαθεῖν
1488 1858 1565 1906 τας
1604 1859 1739 1906 καλάς
1773 1860 1841 1901 καὶ
1886 1860 2032 1912 ὡραίας
2071 1858 2130 1901 ἔτι

557 1927 597 1968 δὲ
631 1926 699 1968 καὶ
743 1927 952 1979 ἐλευθέρας
987 1927 1168 1974 νεάνιδας
1203 1927 1508 1974 παιδίσκας
1551 1929 1838 1979 καλουμένας,
1872 1931 1996 1971 cuius
2030 1941 2133 1971 usus

560 2002 624 2038 sat
665 1995 798 2037 mulla
838 2002 877 2038 et
920 2003 1018 2038 nota
1054 1996 1245 2053 exempla
1278 2003 1391 2039 sunt.
1459 1996 1527 2039 Sic
1557 1998 1690 2053 igitur
1722 1997 2033 2053 quodammodo
2065 2011 2133 2055 pa-

562 2071 620 2107 tet
654 2064 764 2106 unde
794 2065 945 2108 vitiosa
979 2067 1129 2123 Mynae
1161 2067 1374 2122 scriptura
1405 2072 1502 2108 nata
1542 2080 1633 2109 esse
1666 2068 1864 2122 potuerit.

636 2135 734 2176 Post
783 2148 915 2190 pauca
960 2142 1161 2178 narratur
1209 2136 1469 2179 Promachus
1514 2137 1666 2179 vicisse
1712 2137 2023 2188 Πολυδάμαντα
2065 2138 2134 2180 τὸν

561 2210 860 2247 Σκοτουσσαῖον
898 2206 1011 2256 μετα
1057 2207 1149 2253 τοὺς
1196 2207 1364 2254 λέοντας
1398 2204 1461 2253 οὓς
1504 2207 1520 2248 ὁ
1561 2207 1814 2257 Πολυδάμας
1861 2208 1992 2259 ᾑρήκει
2037 2211 2133 2260 παρ’

556 2275 690 2327 ”Ωχῳ
719 2275 773 2327 τῷ
806 2275 950 2329 Πέρσῃ.
997 2275 1106 2317 Haec
1135 2289 1301 2331 quoquc
1335 2275 1505 2317 aliunde
1540 2281 1604 2318 sat
1635 2283 1730 2318 nota
1764 2282 1876 2318 sunt.
1919 2276 2135 2319 Nobilissi-

562 2358 659 2386 nlus
693 2344 948 2387 athletarum
996 2351 1058 2387 cst
1105 2345 1381 2396 Πουλυδάμας
1412 2346 1552 2387 Νικίου
1583 2352 1877 2395 Σκοτουσαῖος,
1912 2346 1994 2388 vid.
2031 2346 2135 2389 Pau-

563 2416 724 2456 saniam
768 2415 838 2457 vl.
890 2429 926 2457 v.
977 2420 1013 2457 1.
1060 2420 1101 2457 et
1146 2415 1397 2458 V11.xxv11.
1443 2419 1482 2457 6,
1561 2415 1793 2458 Scholiasta
1841 2416 2027 2458 Platonis
2084 2415 2135 2459 ad

564 2485 712 2539 Reinp.
741 2485 770 2526 Ι.
816 2498 855 2540 p.
885 2488 982 2528 558.
1018 2500 1067 2527 c:
1101 2485 1353 2536 Πολυδάμας
1386 2512 1442 2517 —
1477 2486 1795 2538 παγκρατιαςης
1829 2486 2136 2538 ὑπερμεγέθης,

564 2552 603 2602 ἒς
639 2555 678 2596 ἕν
710 2554 883 2606 Πέρσαις
917 2559 1012 2607 παρ’
1041 2558 1176 2609 ”Ωχῳ
1216 2556 1429 2607 γενόμενος
1471 2558 1525 2609 τῷ
1568 2557 1744 2607 βασιλεῖ
1783 2556 1952 2604 λέοντας
1999 2558 2137 2600 οὶνεῖλε

565 2624 633 2666 καὶ
666 2625 943 2675 ὡπλισμένους
977 2628 1131 2676 γυμνὸς
1165 2626 1495 2677 κατηγωνίσατο.
1561 2627 1780 2682 Descripta
1818 2626 1919 2668 llaec
1953 2632 2051 2669 sunt
2085 2626 2134 2668 ad

565 2692 740 2735 verbum
775 2707 824 2736 ex
856 2694 1025 2737 Eusehii
1058 2695 1278 2737 Chronicis
1324 2709 1417 2752 pag.
1451 2701 1520 2738 41.
1566 2695 1618 2738 ad
1652 2696 1942 2753 Olympiadem
1978 2697 2136 2740 XCIII:

568 2763 712 2820 (ἐνίκα)
749 2765 1004 2817 παγκράτιον
1041 2765 1293 2817 Πολυδάμας
1329 2772 1624 2814 Σκοτουσσαῖος
1660 2766 1937 2819 ὑπερμεγέθης
1969 2791 2027 2797 —
2059 2783 2133 2809 κα·

565 2836 836 2884 τηγωνίσατο.
870 2833 932 2883 ἵςη
968 2835 1007 2877 δὲ
1048 2835 1115 2877 καὶ
1151 2834 1324 2889 ἅρματα
1372 2835 1623 2887 ἐλαυνόμενα
1672 2837 1783 2878 κατα
1831 2836 1989 2889 κράτος.
2055 2835 2135 2879 Sed

569 2904 724 2946 mirum
760 2904 915 2946 accidit
949 2905 1155 2961 quomodo
1191 2905 1439 2963 Polydamas
1473 2908 1657 2961 potuerit
1695 2907 1915 2949 victoriam
1950 2904 2136 2962 Olympi-
