2366 3540
1412 261 1439 299 6

641 379 805 423 ςοῦντες
839 378 938 416 sunt
988 373 1074 415 »les
1107 372 1220 415 vrais
1255 379 1462 415 amaleurs
1501 374 1572 414 des
1614 374 1818 415 exercices
1855 373 2211 430 qymuasce'ques''

641 457 780 500 neque
812 442 947 485 ullum
985 440 1218 483 discrimen
1257 446 1322 483 est
1369 442 1482 483 inter
1524 443 1557 484 οἱ
1598 442 1778 489 ἀθληταί
1809 448 1851 484 et
1880 445 1913 485 οἱ
1944 447 2210 497 φιλογυμνα-

642 518 821 560 ςοῦντες.
887 511 1014 553 Plane
1049 509 1178 552 iidem
1219 516 1320 553 sunt
1363 516 1404 552 et
1438 516 1616 565 utroque
1649 511 1818 552 nomine
1859 513 2101 566 promiscue
2140 525 2209 567 ap-

640 582 870 638 pellantur.
935 579 1083 621 Risum
1129 585 1270 622 movet
1310 580 1444 635 igitur
1477 593 1607 635 quum
1641 579 1844 621 dicuntur
1884 582 1917 622 οῐ
1947 581 2209 633 φιλογυμὶκοι·

641 653 805 697 ςοῦντες
839 648 976 691 odisse
1001 649 1093 696 τοὺς
1123 648 1307 697 doma-029·
1341 648 1391 690 oh
1422 653 1664 704 corruptam
1701 648 1968 704 disciplinam
2008 655 2208 691 veterem.

641 719 834 775 Namque
876 724 917 760 et
951 717 1077 760 iidem
1125 723 1255 768 sunt,
1301 723 1343 760 et
1374 718 1542 760 etiamsi
1581 717 1737 760 diversi
1785 717 1965 760 fuissent
1999 718 2056 776 (id
2101 717 2211 773 quod

643 801 726 830 non
760 787 869 844 est),
902 788 935 828 οἱ
971 790 1407 840 φιλογυμναςοῦντες,
1440 786 1499 828 les
1532 787 1643 829 vrais
1673 793 1881 828 amaleurs
1907 788 1978 829 des
2009 788 2214 829 exercices

640 857 976 913 yyrmzastz'quoe,
1006 860 1246 897 servassent
1278 860 1460 897 veterem
1492 854 1789 911 disciplinam,
1836 857 1960 899 cuius
1994 862 2210 911 corrupto-

642 939 711 967 res
742 926 835 972 τοὺς
879 923 1064 972 ἀθλητάς
1098 923 1193 966 odio
1236 923 1613 979 persequebantur.
1678 923 1768 966 Una
1804 924 1993 967 litterula
2032 927 2211 967 oscitan-

641 1000 708 1037 ter
751 993 861 1035 lecta
901 993 1087 1049 perdidit
1126 993 1281 1034 omnia.
1346 992 1434 1034 Non
1473 992 1675 1047 cogitavit
1717 993 1864 1049 Mynas
1903 994 2076 1046 ἕχθομοιι
2124 1007 2212 1036 ver-

641 1063 742 1105 bum
788 1075 879 1105 esse
919 1075 1092 1118 prorsus
1143 1075 1166 1104 a
1208 1060 1451 1103 Philostrati
1496 1066 1633 1104 aetate
1678 1067 1720 1104 et
1764 1075 1844 1104 usu
1892 1062 2092 1104 alienum.
2170 1062 2213 1104 Si

642 1133 738 1188 quis
784 1131 894 1174 volet
941 1131 1135 1174 Codicem
1170 1137 1369 1173 accurate
1411 1131 1644 1187 inspicere,
1684 1130 1837 1182 credo,
1880 1132 2087 1186 scriptum
2121 1145 2214 1174 esse

643 1201 828 1243 videbit:
875 1203 924 1248 ὡς
962 1201 1141 1249 καὶτοῖς
1172 1204 1531 1254 φιλογυμνκςοῦσι
1566 1201 1657 1248 τοὺς
1699 1202 1876 1249 πολλοὺς
1915 1199 2214 1253 ἄχθεσθαι,

643 1270 754 1326 quod
787 1275 829 1312 et
874 1270 1073 1325 loquendi
1119 1283 1223 1312 usus
1256 1275 1298 1312 et
1330 1269 1408 1311 loci
1447 1271 1658 1312 sententia
1698 1271 1937 1325 requirunt.
2015 1270 2213 1312 Scribun-

642 1346 716 1382 tur
748 1344 890 1382 autem
925 1352 947 1381 a
981 1338 1285 1397 tachygraphis
1315 1353 1379 1391 σεχ
1412 1344 1452 1380 et
1485 1355 1566 1392 εχ,
1600 1339 1955 1394 quemadmodum
1991 1339 2118 1381 etiam
2153 1355 2212 1390 ay

643 1414 684 1451 et
717 1425 798 1460 εγ,
842 1408 913 1450 illa
953 1407 1089 1450 forma
1133 1412 1180 1449 ut
1220 1406 1271 1448 ab
1313 1406 1447 1448 oculis
1484 1407 1710 1450 ineruditis
1755 1407 1940 1449 discerni
1988 1414 2213 1463 nequeant.

643 1478 713 1520 Sic
757 1478 915 1534 passim
950 1477 1089 1529 ἐγείρω
1131 1481 1172 1518 et
1212 1476 1362 1528 ἀγείρω
1406 1475 1757 1526 confunduntur,
1801 1477 1861 1518 sic
1902 1478 2216 1533 permiscentur

641 1548 756 1589 inter
789 1560 833 1589 se
862 1545 989 1599 ἄχθος
1022 1550 1063 1587 et
1096 1543 1213 1598 ἔχθος
1247 1549 1394 1587 contra
1427 1544 1506 1587 loci
1547 1547 1831 1596 sententiam,
1878 1551 1924 1588 ut
1963 1547 2006 1588 in
2046 1546 2214 1589 Hesiodi

641 1629 768 1659 versu
799 1615 909 1671 apud
941 1614 1092 1657 Athen.
1128 1628 1166 1670 p.
1199 1617 1284 1656 428
1318 1614 1359 1656 C.

823 1681 887 1726 οἷοι
921 1684 1119 1731 Διώνυσος
1154 1683 1244 1725 δῶκ’
1276 1682 1444 1736 ἀνδράσι
1475 1682 1627 1736 χάρμαι
1660 1685 1728 1726 καὶ
1763 1683 1927 1737 ἔχθος.

643 1754 713 1796 cui
756 1752 884 1805 ἄχθος
927 1752 1111 1794 reddidit
1151 1752 1375 1794 Ruhnken.
1420 1753 1555 1808 Epist.
1590 1754 1691 1796 Crit.
1736 1767 1774 1809 p.
1808 1758 1904 1795 115.
1968 1754 2074 1797 Male
2116 1755 2216 1797 reti-

642 1823 738 1865 nuit
781 1822 989 1877 Bergkius
1032 1822 1075 1863 in
1120 1821 1415 1878 Aristophanis
1463 1822 1638 1879 Lysistr.
1676 1824 1803 1865 1511.
1852 1823 2043 1878 ineptum
2091 1825 2215 1875 ἀγκο-

643 1893 780 1935 νιῶοιιε
815 1892 994 1942 ε’γκονεῖν
1027 1890 1130 1946 quid
1161 1891 1217 1932 sit
1255 1891 1417 1933 scimus
1450 1904 1625 1942 omneS‚
1666 1893 1854 1942 ἀγκονεῖν
1888 1891 2077 1934 eiusdem
2116 1891 2215 1935 sari·

643 1973 722 2002 nae
772 1965 836 2002 est
883 1965 1010 2015 atquc
1056 1958 1246 2012 ἔχθεσθοοι
1296 1960 1406 2016 apud
1456 1960 1777 2003 Philostratum.
1857 1961 2062 2004 Subiiciet
2113 1961 2216 2005 haec

644 2029 780 2072 oculis
812 2028 1006 2071 fidelihus
1039 2029 1206 2070 Bastius
1245 2030 1286 2070 in
1332 2029 1568 2072 Comnient.
1605 2030 1817 2085 Palaeogr.
1869 2044 1906 2086 p.
1939 2034 2038 2073 744.
2104 2031 2218 2087 Ergo

645 2098 906 2141 confidenter
938 2097 1170 2140 rescribes:
1204 2100 1255 2145 ὡς
1293 2098 1360 2140 καὶ
1393 2104 1476 2146 τοῖς
1504 2103 1863 2150 Φιλογυμνικςοῦσι
1906 2101 1998 2148 τοὺς
2041 2101 2217 2148 πολλοὺς

644 2169 927 2221 ἄχθεσθαι.
1001 2166 1191 2210 Athletas
1238 2168 1399 2223 igitur,
1449 2180 1554 2223 quos
1593 2167 1691 2209 olim
1733 2168 1969 2224 philosophi
2013 2169 2218 2221 oderant,

644 2243 694 2280 ut
725 2237 978 2294 Euripides:

886 2310 1019 2348 κακῶν
1051 2306 1134 2359 γὰρ
1165 2305 1286 2348 ὄντων
1317 2306 1464 2359 μυρίων
1497 2308 1586 2348 καθ’
1618 2306 1808 2350 Ἑλλάδα

886 2376 995 2418 οὐδὲν
1026 2375 1165 2418 κάκιόν
1197 2377 1279 2421 ἐςιν
1310 2377 1495 2424 ἀθλητῶν
1526 2375 1665 2426 γένους
1699 2377 1783 2417 κτέ.

649 2447 774 2504 (quae
805 2445 902 2488 vide
942 2445 1053 2501 apud
1087 2445 1289 2488 Galenum
1325 2445 1369 2486 in
1404 2445 1612 2501 Protrept.
1657 2458 1695 2500 p.
1728 2448 1797 2486 52.
1847 2445 1966 2489 Wiu.
2011 2452 2052 2488 et
2095 2446 2219 2489 Athe-

646 2528 801 2557 naeum
852 2528 893 2570 p.
924 2514 1074 2572 415),
1125 2528 1229 2570 quos
1277 2514 1453 2556 oderant
1497 2514 1773 2569 Hippocrates
1817 2519 1857 2556 et
1903 2514 2058 2557 medici
2107 2516 2219 2574 (vid.

646 2583 811 2627 Wiltet.
846 2584 897 2626 ad
931 2584 1075 2627 Galeni
1110 2585 1320 2639 Protrept.
1354 2597 1393 2639 p.
1424 2583 1551 2640 104),
1585 2597 1689 2639 quos
1719 2583 1876 2626 milites
1909 2583 2084 2627 oderant
2118 2585 2220 2643 (vid.

648 2652 842 2695 Curtium
873 2654 943 2695 IX.
981 2657 1020 2695 7.
1064 2653 1136 2695 ubi
1176 2653 1379 2696 athletam
1413 2652 1624 2709 appellant
1669 2653 1826 2696 milites
1873 2654 2051 2709 saqinan·
2082 2669 2219 2711 corpo-

645 2723 707 2763 ris
743 2722 932 2764 inutilem
977 2722 1203 2780 belluam),
1248 2722 1496 2765 Philostrati
1539 2728 1675 2765 aetate
1719 2723 1846 2765 etiam
1891 2723 2044 2779 vulgus
2086 2724 2220 2766 homi·

646 2803 750 2832 num
799 2790 910 2833 serre
958 2805 1038 2833 non
1088 2797 1281 2848 poterat,
1324 2791 1393 2834 καὶ
1439 2794 1472 2834 οἱ
1517 2792 1658 2835 πολλοὶ
1708 2797 1791 2839 τοῖς
1837 2796 2219 2846 <placavimus-ovem

646 2861 828 2913 ἤχθοντο.

707 2929 915 2973 Admonet
958 2944 1026 2974 mc
1068 2931 1320 2976 vocabulum
1365 2931 1638 2975 Homericum
1682 2932 1870 2985 ἕχθεσθοιι
1914 2947 1987 2989 per
2030 2947 2218 2978 errorem
