2366 3540
947 269 996 306 15

195 391 249 420 un
296 378 434 421 verbe.
509 379 589 420 J'ai
624 377 785 429 choisi‚
830 378 1169 422 consormement
1216 392 1298 421 aux
1347 380 1557 437 exemplos
1605 381 1763 428 donnes

193 460 269 503 par
310 447 349 490 le
400 446 545 489 Tre'sor
587 461 624 490 v.
667 450 846 501 'Opyzqfl''
911 449 1175 492 Ridebantur
1220 448 1331 504 apud
1377 455 1539 493 veteres
1586 452 1646 494 illi
1690 455 1764 508 qui

190 523 324 559 artem
360 517 676 572 imperatoriam
710 532 789 560 non
821 533 869 560 ex
900 519 1105 560 diuturno
1135 518 1232 560 belli
1269 532 1348 560 usu
1388 519 1460 561 sed
1490 534 1540 563 ex
1575 522 1763 564 Tactico·

189 599 287 627 rum
335 588 654 629 commentariis
699 588 840 630 subito
884 586 1137 641 colligebant
1185 601 1316 641 quum
1364 596 1536 644 repente
1582 604 1633 633 ex
1675 593 1764 634 vita

190 655 352 698 urbana
398 661 439 698 ct
488 656 643 698 sorensi
686 670 775 699 rem
828 656 1059 698 militarem
1110 657 1353 710 attigissent
1398 664 1439 699 et
1478 661 1675 711 ςροιτηγοὶ
1717 663 1762 704 ἐκ

188 726 357 777 βιβλίου
391 725 737 780 appellabantur,
786 726 922 781 qualis
955 724 1035 766 suit
1064 725 1294 780 imperator
1334 726 1491 769 Cicero,
1557 729 1764 772 Similiter

188 796 260 850 qui
305 795 346 836 in
388 807 434 836 re
481 794 638 836 Critica
671 808 721 837 ex
757 794 898 850 aliquo
930 793 1143 836 Glossario
1179 800 1252 836 aut
1287 795 1502 837 Thesauro
1535 799 1645 853 sapit
1678 813 1761 841 non

188 863 292 906 solet
339 876 428 905 rem
462 862 568 906 bene
610 877 772 919 gerere.
838 862 947 915 Quid
984 862 1152 906 tandem
1193 864 1273 905 sibi
1311 865 1401 906 vult
1438 866 1479 907 in
1516 867 1587 909 tali
1621 881 1666 910 re
1702 871 1760 921 ὀρ-

185 934 263 984 γὴν
293 939 447 983 ποιεῖν,
481 933 592 989 quod
627 933 842 989 significat
874 934 982 975 iram
1019 947 1205 983 movere,
1246 936 1486 977 concitare?
1531 936 1621 978 Nisi
1653 936 1760 981 forte

187 1002 378 1045 confudit
405 1003 555 1045 Editor
581 1005 701 1056 o’pyhv
731 1009 857 1046 ποιεῖν
888 1008 929 1046 et
959 1004 1079 1056 ὀργὴν
1105 1005 1322 1052 ποιεῖσθαι,
1353 1004 1393 1045 id
1413 1010 1477 1046 est
1507 1005 1760 1059 ἅργίζεσθοοι,

186 1085 294 1128 quae
337 1078 400 1115 est
437 1072 685 1128 pervulgata
719 1073 1008 1130 periphrasis,
1054 1078 1100 1115 ut
1135 1074 1175 1115 in
1221 1072 1348 1115 Novis
1391 1074 1661 1117 Lectionibus
1694 1089 1760 1118 co-

185 1143 302 1198 piose
344 1141 622 1186 ostendimus,
688 1143 827 1186 Vertit
867 1143 1005 1184 enim:
1058 1143 1166 1184 »Les
1214 1142 1291 1183 lois
1334 1145 1544 1186 menacenc
1577 1144 1626 1186 cle
1669 1145 1759 1186 leur

185 1212 344 1261 colere,
392 1224 556 1254 comme
588 1212 819 1267 sacrilege,
853 1211 961 1254 celui
994 1212 1066 1266 qui
1108 1210 1199 1253 vole
1232 1224 1285 1252 ou
1317 1213 1389 1266 qui
1423 1213 1520 1267 gate
1562 1227 1618 1254 un
1648 1213 1760 1268 objet

184 1280 276 1322 d’or
306 1294 356 1322 ou
392 1280 587 1336 d’argent
616 1283 817 1323 consacre
851 1294 934 1323 aux
966 1280 1137 1323 dieux.''
1200 1280 1313 1322 Nihil
1351 1280 1504 1324 horum
1545 1296 1596 1324 ex
1631 1282 1758 1326 Grae-

183 1351 245 1393 cis
279 1350 419 1393 verbis
451 1350 639 1406 exsculpi
674 1364 795 1406 posse
831 1356 1025 1407 apertum
1059 1355 1137 1393 est.
1200 1350 1351 1407 Mynae
1384 1351 1606 1394 inventum
1638 1353 1758 1405 &pos->w

182 1423 215 1463 οἱ
261 1421 370 1472 νόμοι
403 1448 462 1456 -
494 1421 719 1471 ἐπάγουσιν
767 1421 894 1463 etiam
942 1419 1155 1462 infelicius
1199 1420 1473 1476 deteriusque
1521 1427 1612 1471 est,
1658 1435 1756 1464 nam

182 1496 308 1532 ποιεῖν
347 1491 466 1543 ὀργήν
507 1490 714 1533 Graecum
762 1497 854 1541 est,
903 1492 1021 1543 ὀργὴν
1061 1489 1236 1540 ε’ποέγειν
1277 1503 1359 1531 non
1390 1496 1466 1533 est.
1532 1491 1759 1534 Praeterea

182 1560 284 1616 quid
317 1565 381 1602 est
408 1561 447 1602 ἐν
480 1560 720 1613 ἱεροσυ).ιίκις
754 1560 833 1603 div?
898 1560 1127 1616 Interpreti
1161 1559 1330 1601 videtur
1366 1559 1476 1602 idem
1510 1573 1600 1603 esse
1629 1566 1757 1617 atque

180 1631 381 1684 ἱερόσυλος
407 1631 481 1679 ὤν,
517 1629 626 1685 quod
661 1631 755 1685 quis
786 1629 1013 1685 probabit?
1079 1628 1197 1681 Quod
1241 1630 1498 1684 excogitavit
1535 1631 1683 1686 Mynas
1721 1632 1754 1673 οἱ

180 1700 290 1751 νόμοι
333 1702 367 1743 οἱ
415 1700 502 1752 περὶ
541 1698 817 1750 ἀναθημάτων
857 1699 926 1740 mc}
967 1699 1007 1740 ἐν
1041 1698 1280 1750 ἱεροσυλίοιις
1321 1698 1430 1746 ὄντες
1469 1699 1592 1741 nihili
1640 1713 1753 1742 com-

179 1775 371 1812 mentum
411 1783 503 1812 esse
545 1774 587 1811 et
634 1781 762 1811 sensu
805 1768 928 1824 plane
971 1781 1154 1810 vacuum
1195 1769 1468 1823 perspicuum
1516 1774 1592 1810 est.
1670 1769 1754 1810 Hoc

179 1845 294 1882 certe
327 1853 441 1882 nunc
474 1839 646 1881 evidens
676 1844 717 1881 et
750 1837 1025 1881 manifestum
1070 1842 1134 1880 est
1172 1837 1417 1880 alterutram
1458 1838 1539 1880 loci
1573 1839 1754 1894 scriptu-

178 1923 269 1951 ram
305 1908 600 1952 fraudulenter
643 1921 734 1951 esse
773 1909 1048 1964 suppositam.
1113 1906 1194 1949 Vix
1232 1921 1337 1962 opus
1375 1914 1438 1951 est
1469 1909 1610 1951 dicere
1647 1909 1754 1951 mihi

178 1984 406 2034 utramque
445 1979 788 2022 commenticiam
828 1991 918 2020 esse
951 1977 1099 2019 videri.
1172 1976 1282 2028 Quid
1328 1978 1371 2019 in
1417 1978 1568 2020 Codice
1607 1991 1752 2020 exara-

178 2054 270 2091 tum
313 2049 368 2090 sit
416 2055 490 2091 aut
529 2048 628 2091 olim
675 2047 804 2090 fuerit
852 2060 976 2089 nemo
1019 2045 1248 2088 divinando
1297 2053 1564 2102 assequetur.
1643 2048 1753 2100 Quid

177 2119 390 2161 sententia
421 2118 503 2161 loci
535 2123 575 2160 et
600 2117 848 2173 compositio
881 2122 955 2158 aut
992 2115 1100 2157 ferat
1134 2120 1208 2157 aut
1249 2118 1439 2171 requirat
1472 2130 1570 2158 mox
1612 2117 1751 2160 dicam

176 2193 401 2244 postquam
456 2189 665 2244 reliquam
718 2186 799 2229 loci
842 2192 1007 2242 partem
1060 2184 1365 2236 emendavero,
1413 2199 1598 2243 namque
1647 2187 1752 2230 haec

177 2258 349 2313 quidem
392 2258 610 2301 emendari
643 2262 792 2314 potest.
857 2255 1104 2298 Mendosum
1140 2261 1204 2297 est
1240 2254 1436 2308 ςέφουσιε
1484 2256 1585 2312 quid
1619 2257 1661 2298 in
1703 2270 1751 2300 eo

174 2327 304 2370 lateat
337 2329 523 2383 reperies
557 2328 628 2369 nbi
662 2341 709 2370 ea
742 2326 1014 2369 coniunxeris
1040 2337 1148 2380 quae
1175 2324 1324 2367 Editor
1353 2325 1463 2368 male
1487 2326 1750 2382 distinguen-

176 2397 228 2440 do
257 2397 514 2440 obscuravit.
552 2398 641 2440 Uno
665 2402 809 2439 tenore
839 2394 1125 2438 continuanda
1154 2399 1255 2436 sunt
1291 2395 1495 2453 (ςέφουσι)
1531 2397 1571 2438 δὲ
1596 2396 1749 2438 Ἀπόλ-

175 2477 295 2515 λωνος
327 2468 348 2512 ἢ
382 2468 620 2515 Ποσειδῶνος
640 2500 651 2517 ,
687 2467 782 2519 ὑπὲρ
811 2464 855 2508 οῧ
885 2465 953 2508 καὶ
986 2464 1104 2507 αὐτοί
1133 2481 1178 2506 τε
1212 2465 1243 2505 οἱ
1283 2465 1357 2506 θεοὶ
1392 2465 1511 2516 μέγα
1540 2466 1719 2515 ἤθλησοιν
1739 2499 1749 2515 ,

174 2535 292 2579 blame
324 2538 398 2588 μὲν
439 2537 722 2587 ἀποδίδοσθαι,
755 2536 875 2579 &aaa
918 2536 958 2577 ’δὲ
993 2535 1189 2576 ὠνεῖσθαι.
1256 2534 1536 2590 Perspicuum
1582 2536 1644 2578 sic
1686 2541 1751 2578 est

176 2619 251 2661 pro
302 2608 472 2661 ςέφουσι
525 2607 689 2663 requiri
742 2620 917 2653 nomen,
966 2603 1077 2660 quod
1126 2602 1353 2645 verborum
1402 2605 1659 2648 ἀποδίδοσθαι
1708 2610 1750 2648 et

175 2678 354 2718 ὠνεῖσθαι
389 2677 444 2720 sit
477 2676 689 2719 obiectum
739 2681 780 2718 et
813 2688 897 2731 quo
944 2676 1040 2726 ὑπὲρ
1082 2671 1128 2715 οὗ
1171 2672 1396 2716 referatur.
1462 2674 1582 2727 Quod
1616 2689 1750 2731 quum

176 2744 281 2786 mihi
315 2745 510 2795 dederis,
556 2760 639 2788 non
675 2745 750 2788 diu
791 2758 970 2801 quaeres
1010 2742 1120 2800 quod
1153 2756 1307 2785 nomen
1345 2744 1401 2785 sit
1442 2745 1748 2800 reponendum.

176 2813 286 2866 Quid
320 2820 410 2857 erat
445 2816 556 2871 quod
588 2817 761 2872 impune
794 2814 1032 2858 vendebant
1072 2813 1354 2869 emebantque
1396 2819 1437 2856 et
1469 2814 1521 2857 de
1553 2828 1636 2871 quo
1669 2815 1751 2870 ipsi

173 2884 240 2926 Dii
276 2899 429 2940 magno
465 2900 588 2942 opere
617 2885 885 2929 contendisse
925 2883 1161 2927 dicuntur?
1211 2883 1370 2940 Nempe
1402 2884 1542 2940 palma
1574 2885 1749 2935 nobilis,

175 2955 416 3009 ὁςέφκνος.
484 2957 654 3013 Repone
685 2956 847 3013 igitur:
902 2956 1128 3011 ςέφοονον
1175 2955 1245 3005 δὲ,
1292 2955 1389 3008 ὑπὲρ
1437 2953 1482 2999 οὗ
1523 2955 1591 2999 ux}
1633 2955 1748 2999 αὐτοὶ
