2366 3540
941 255 991 293 51

172 367 253 409 luit
294 366 464 416 dicere,
513 365 585 409 sed
627 377 707 409 non
742 365 899 423 legitur
930 368 972 410 id
1005 380 1118 410 nunc
1167 368 1209 409 in
1253 366 1440 411 GraeciS.
1506 370 1629 422 Ὑπὲρ
1675 375 1745 414 τοῦ

171 437 355 489 ἐρρῶσθαι
388 435 434 477 τὸ
467 440 587 487 σῶμα
620 436 862 492 signifieat:
904 444 949 479 uc
982 438 1064 479 sint
1095 450 1270 493 corpore
1300 437 1461 480 valido:
1509 440 1747 495 requiritur

166 511 384 560 proplerea
402 506 509 560 quod
527 518 701 561 corpore
729 506 866 549 valido
884 513 1038 550 essent.
1072 508 1219 563 Itaque
1238 520 1312 563 pro
1339 508 1435 561 ὑπὲρ
1456 510 1745 552 necessarium

170 579 233 615 est
268 573 346 616 ὑπό
379 575 627 617 restituere:
664 577 758 619 ὑπὸ
797 580 867 619 τοῦ
908 578 1094 629 ἐρρῶσθαι
1129 578 1173 619 τὸ
1203 582 1349 628 σῶμα,
1386 578 1744 633 quemadmodum

170 648 212 685 et
243 642 343 684 alibi
376 643 660 687 Philostratus
693 644 885 700 loquitur
917 651 958 686 et
999 659 1039 700 p.
1070 649 1154 695 94,
1193 650 1241 687 1:
1287 648 1486 697 ανηβήσει
1533 649 1588 690 τα
1621 649 1745 692 ςαδια

169 713 266 755 ὑπὸ
298 716 368 754 τοῦ
399 711 443 754 εὖ
471 713 712 766 γυμνάζειν.
780 714 860 756 Sed
890 727 937 756 ea
967 715 1056 770 ipsa
1085 713 1231 763 lectio,
1265 728 1392 770 quam
1421 716 1471 758 de
1501 718 1746 760 coniectura

168 782 467 832 restituimus,
512 787 553 824 et
600 783 642 824 111
676 782 917 839 apographo
963 790 1026 825 est
1071 788 1114 825 et
1157 797 1206 825 ex
1241 784 1330 839 ipso
1363 785 1513 828 Codice
1552 799 1576 827 a
1618 787 1745 844 Myna

167 850 375 900 affertur,
412 851 485 906 qui
520 851 635 907 prior
668 852 879 895 infelicem
914 852 1301 896 correctiunculam
1334 854 1430 907 ὑπέρ
1464 856 1742 911 excogitavit,

168 932 294 975 quam
325 919 495 962 incaute
528 920 677 963 Editor
707 923 926 977 probatam
962 924 1122 978 recepit
1155 922 1201 979 ¹).

227 988 274 1030 In
310 989 362 1030 iis
394 1003 503 1044 quae
534 991 735 1034 continuo
768 999 1008 1048 sequuntur
1046 992 1180 1034 multa
1214 997 1315 1033 sunt
1348 1006 1428 1035 non
1464 999 1631 1037 tantum
1666 996 1744 1039 im-

169 1057 310 1114 pedita
337 1064 379 1101 et
412 1058 618 1111 obscura,
651 1061 724 1103 sed
755 1075 927 1117 prorsus
958 1062 1182 1110 ἀδιανόητα
1213 1067 1255 1104 et
1281 1062 1559 1106 conclamata.
1623 1065 1743 1108 Modo

166 1127 372 1182 quaedam
413 1129 618 1172 excidisse
651 1137 853 1186 apparet,
898 1132 1019 1174 modo
1058 1137 1326 1188 praepostere
1357 1131 1467 1174 lecta
1510 1141 1552 1175 et
1582 1138 1744 1178 temere

165 1197 389 1253 suppleta,
432 1212 530 1241 nam
586 1199 765 1243 subinde
804 1214 986 1256 agnosco
1028 1202 1179 1259 Mynae
1222 1201 1384 1243 stilum.
1452 1202 1533 1244 Vix
1574 1216 1743 1246 summa

165 1269 436 1311 contentione
470 1282 520 1311 ex
553 1269 632 1311 hoc
663 1283 791 1312 coeno
824 1270 1045 1326 exsculpas
1078 1284 1159 1312 non
1193 1269 1295 1325 quid
1325 1270 1523 1326 Sophista
1555 1272 1740 1324 dixerit,

165 1335 238 1378 sed
271 1337 444 1379 omnino
476 1352 558 1394 qua
592 1339 642 1382 de
668 1353 715 1382 re
742 1339 902 1395 aliquid
937 1340 1107 1382 dixerit.
1172 1340 1249 1382 Ubi
1290 1340 1460 1383 tandem
1505 1343 1741 1386 sententiae

165 1418 377 1448 summam
414 1407 711 1463 indagamris,
763 1410 833 1452 vix
868 1415 1009 1452 tamen
1043 1409 1113 1451 illo
1161 1409 1292 1452 veluti
1337 1410 1406 1452 iilo
1448 1411 1659 1454 Ariadneo
1691 1426 1741 1455 ex

164 1474 341 1518 vitiosae
368 1478 573 1520 orationis
605 1478 848 1535 labyrintho
880 1480 1040 1521 exitum
1076 1480 1281 1522 invenias.
1348 1480 1433 1522 Hoc
1477 1482 1625 1537 utique
1669 1496 1739 1539 ap-

163 1550 283 1599 paret
321 1559 413 1601 pag.
444 1549 526 1594 44,
558 1550 598 1589 9.
643 1547 947 1591 Philostratum
982 1549 1061 1591 sibi
1094 1550 1384 1605 quaestionem
1420 1550 1530 1592 hane
1562 1564 1736 1606 ponere:

163 1619 246 1662 πῶς
278 1616 560 1668 βασανιοῦμεν
593 1618 665 1666 την
694 1618 866 1670 σποράν,
899 1633 1025 1674 quum
1049 1626 1240 1673 parentes
1270 1620 1350 1675 ipsi
1374 1620 1415 1660 in
1439 1634 1485 1662 ea
1514 1621 1739 1676 coym'lione

163 1691 201 1726 et
234 1685 476 1740 probatione
512 1701 590 1728 non
629 1687 801 1728 adsint?
849 1700 976 1742 quam
1022 1689 1081 1729 ita
1122 1688 1246 1729 solvit
1285 1694 1332 1729 ut
1380 1687 1494 1730 dicat
1538 1702 1588 1731 ex
1633 1690 1738 1745 ipsis

162 1753 420 1796 athletarum
458 1755 707 1810 corporibus
735 1755 785 1798 de
817 1761 1041 1812 parentum
1071 1756 1313 1799 valetudine
1345 1762 1386 1799 et
1419 1756 1568 1799 robore
1598 1763 1639 1799 et
1671 1771 1737 1801 ae-

162 1828 248 1865 tate
281 1824 571 1866 coniecturam
607 1824 696 1866 fieri
728 1831 769 1867 et
802 1839 923 1880 posse
953 1832 994 1868 et
1025 1832 1231 1882 oportere.
1297 1826 1472 1869 Praeter
1506 1840 1638 1869 unum
1673 1829 1737 1869 vi-

163 1893 271 1934 tium
312 1906 413 1935 sana
457 1900 556 1935 sunt
590 1894 721 1937 haec:
771 1896 810 1942 ἐς
843 1896 978 1944 εὔηθες
1011 1896 1094 1948 γαρ
1127 1897 1364 1939 ἐκπεσεῖται
1399 1897 1415 1938 o‘
1447 1897 1570 1947 λόγος
1602 1898 1635 1939 εἰ
1668 1899 1736 1940 τὸν

159 1964 340 2012 οέθλητην
373 1963 608 2017 ἐφεςηκότα
656 1965 726 2014 ἤδη
775 1966 829 2018 τῷ
878 1966 1001 2019 ςαδίῳ
1046 1966 1115 2008 καὶ
1162 1970 1232 2008 τοῦ
1265 1966 1418 2008 κοτίνου
1463 1983 1509 2008 τε
1551 1967 1618 2009 καὶ
1662 1973 1735 2016 τῆς

160 2032 319 2085 δάφνης
348 2033 544 2086 ἐχόμενον
572 2034 612 2081 ἐς
629 2034 697 2076 τὸν
721 2034 883 2087 πατέρα
901 2034 1354 2086 αναβαλλόμεθα
1387 2036 1455 2078 καὶ
1487 2037 1559 2085 την
1577 2037 1736 2089 μητέρα

159 2101 282 2154 τάχα
314 2118 393 2144 που
425 2103 493 2144 καὶ
527 2105 748 2151 τεθνεῶτας
793 2104 859 2146 ἐπὶ
893 2105 1032 2157 νηπίῳ.
1098 2104 1432 2147 Reserihenduln
1469 2111 1532 2147 est
1572 2107 1735 2157 ἀναβα-

158 2171 369 2223 λούμεθα,
402 2185 499 2214 nam
538 2178 705 2215 certum
744 2179 806 2216 est
834 2176 1024 2231 futurum
1059 2175 1235 2230 requiri.
1299 2174 1494 2217 Absurda
1522 2189 1588 2217 res
1629 2177 1735 2226 erit,

160 2241 328 2296 inquit,
369 2242 404 2283 si
438 2242 640 2285 athletam
683 2244 853 2285 iamiam
888 2244 931 2285 111
962 2249 1177 2286 certamen
1219 2243 1525 2287 descensurum
1571 2245 1623 2287 ad
1667 2259 1736 2302 pa-

158 2316 269 2354 trem
303 2325 352 2354 ac
384 2318 564 2354 matrem
596 2313 852 2364 reficiamus,
886 2314 957 2368 qui
988 2312 1165 2356 sortasse
1195 2313 1265 2355 illo
1300 2327 1430 2369 puero
1464 2316 1546 2356 ian]
1576 2315 1736 2358 mortui

159 2386 272 2423 sunt.
339 2381 457 2434 Quod
491 2383 685 2437 sequitur
724 2387 815 2424 atra
849 2382 1030 2436 caligine
1063 2383 1307 2425 obvolutum
1352 2389 1442 2427 est:
1492 2385 1555 2428 δεῖ
1588 2386 1629 2428 δὲ
1661 2387 1735 2435 την

159 2452 296 2502 κυρίαν
335 2451 628 2508 [ἐπεσκέφθαι]
674 2454 764 2494 καθ’
798 2449 841 2499 ἣν
875 2453 914 2500 ἐς
949 2454 1104 2503 γυμνὸν
1137 2454 1203 2495 τὸν
1252 2454 1430 2502 demvm
1462 2454 1735 2507 βλέψαντες,

157 2520 244 2563 οὐδὲ
277 2521 333 2563 τοὶ
365 2526 441 2564 τῶν
475 2522 676 2575 προγόνων
709 2522 946 2573 ἠγνοηκέναι
980 2522 1146 2573 δόξομεν
1182 2520 1259 2575 ἔπη
1291 2524 1401 2575 αὐτῷ
1443 2522 1547 2576 ἔχει.
1616 2526 1736 2567 Prior

157 2603 256 2646 pars
289 2590 412 2646 plane
445 2604 572 2633 sensu
606 2597 723 2634 caret
755 2597 797 2634 et
828 2605 944 2634 mera
978 2605 1069 2634 esse
1098 2591 1299 2634 videntur
1328 2592 1536 2635 Minoidea
1569 2594 1735 2650 supple-

157 2665 303 2702 menta
331 2666 373 2703 et
413 2662 530 2717 aegri
565 2662 741 2704 somnia.
807 2661 921 2704 Nihil
953 2674 1003 2704 ex
1037 2661 1104 2704 his
1138 2662 1298 2704 extrico
1329 2668 1499 2718 praeter
1526 2665 1576 2707 ΕΞ
1603 2665 1646 2707 δέ
1677 2690 1736 2698 -—

211 2854 248 2906 1)
290 2864 548 2905 Typothetarum
577 2876 668 2898 error
696 2870 748 2898 est
776 2867 809 2897 in
838 2867 1050 2907 Darembergi
1078 2866 1218 2898 Praesat.
1259 2876 1293 2908 p.
1315 2874 1383 2898 xvl.
1412 2867 1447 2897 in
1476 2867 1609 2899 verbis:
1639 2862 1736 2899 »ὑπὸ

157 2908 210 2957 (en
247 2918 482 2957 avertissmzt,
526 2929 645 2951 comme
672 2919 757 2951 dans
785 2920 817 2950 la
852 2922 969 2962 copie,
1013 2920 1103 2960 qu'il
1117 2919 1230 2958 faut:
1270 2912 1382 2951 1‘1710'.’'
1411 2920 1475 2950 imo
1511 2931 1607 2952 vero.-
1649 2922 1739 2963 qu’z'l

156 2969 233 3001 faut
262 2962 367 3011 ὑπὲρ.
