2316 3491
1304 212 1355 251 84

546 322 748 379 descripsi
784 329 917 366 totuin
963 324 1131 374 locum,
1179 331 1222 366 111
1264 330 1483 381 appareret
1518 325 1599 378 γάρ
1631 339 1704 381 pro
1748 327 1823 377 μέν
1866 339 1956 369 0550
1994 341 2108 384 repo—

543 392 729 434 nendum
763 394 845 434 sic:
894 394 1117 447 Πυθοκρίτῳ
1146 394 1248 447 γὰρ
1281 394 1448 445 γέγονεν
1481 394 1570 436 ἀντὶ
1601 395 1750 437 τούτων
1782 397 1866 439 κτέ.

605 461 683 503 Sed
725 474 897 503 manum
934 461 984 504 de
1018 462 1186 505 tabula:
1237 462 1344 504 facio
1378 463 1458 505 iam
1505 464 1735 506 annotandi
1775 464 1898 506 finem
1944 472 1984 507 et
2015 465 2107 507 Plii-

542 528 707 571 lostrati
751 530 931 585 lepidum
974 545 1124 573 novum
1174 531 1361 574 libellum
1407 531 1458 574 de
1503 534 1698 575 manibus
1741 533 1915 589 depono.
1998 534 2109 576 Satis

541 597 646 639 mihi
695 599 1007 644 demonstrasse
1055 600 1199 643 videor
1249 601 1383 643 multo
1432 600 1676 657 lepidiorem
1732 601 1863 644 fuisse
1914 602 2106 644 futurum

540 667 621 708 nisi
655 667 948 713 fraudulenter
983 671 1139 727 passim
1185 670 1463 727 interpolatus
1495 677 1536 713 et
1570 671 1693 726 paulo
1729 671 1940 713 indoctius
1972 672 2014 713 in
2049 671 2108 713 lu-

539 749 630 779 cem
668 737 806 780 editus
845 738 1007 782 suisset.
1073 741 1130 782 De
1163 740 1286 797 Myna
1321 739 1420 795 quid
1457 739 1631 782 dicam?
1682 741 1820 783 Etiam
1863 742 1905 782 in
1945 741 2107 783 littera-

537 818 633 847 rum
670 807 823 850 studiis
855 809 913 850 nil
946 809 1108 850 1101111111
1140 808 1219 850 lide
1251 815 1292 850 et
1333 809 1539 864 probitate
1578 809 1700 852 debet
1741 823 1832 852 esse
1875 811 2106 866 antiquius.

537 874 583 916 In
619 875 864 925 Editorem,
901 891 1159 934 quamquam
1193 882 1388 932 suscepto
1418 879 1533 933 operi
1564 879 1796 934 imparem,
1832 879 1958 921 nolim
1987 879 2109 935 quid-

537 958 665 999 quam
711 947 1010 989 inclementius
1055 947 1207 989 dicere.
1283 946 1451 989 Constat
1499 947 1612 988 inter
1656 960 1800 990 omnes
1849 954 2108 1005 quantopere

538 1013 719 1058 Graecas
763 1016 929 1059 litteras
960 1022 1073 1059 amet
1116 1023 1157 1059 et
1189 1017 1223 1058 si
1263 1016 1404 1057 minus
1447 1021 1508 1058 est
1551 1016 1592 1057 in
1638 1017 1688 1057 iis
1723 1019 1981 1060 exercitatus
2026 1031 2104 1059 non

537 1083 619 1139 ipsi
660 1085 796 1139 magis
829 1085 869 1127 id
916 1087 1018 1128 vitio
1058 1084 1309 1128 vertendum
1356 1091 1420 1127 est
1453 1098 1578 1140 quam
1626 1085 1899 1141 temporibus.
1964 1086 2106 1129 Iacent

536 1152 648 1208 apud
676 1153 814 1197 Gallos
842 1169 988 1198 severa
1016 1155 1267 1211 philologiae
1299 1154 1482 1197 Graecae
1509 1154 1648 1196 studia
1676 1160 1717 1197 et
1751 1156 1895 1210 inique
1923 1155 1964 1197 id
1995 1156 2108 1211 quod

537 1224 694 1265 caeteri
727 1237 873 1267 omnes
900 1225 1077 1281 perinde
1110 1230 1286 1281 peccant
1313 1224 1386 1266 uni
1415 1224 1710 1280 exprobratur.
1776 1225 1840 1266 Tu
1868 1224 1974 1266 mibi
2004 1224 2107 1268 11300

536 1291 739 1335 scribenti
776 1294 991 1337 obversari
1027 1294 1210 1344 solebas,
1252 1295 1311 1336 mi
1342 1293 1564 1344 Dubnere,
1598 1295 1670 1349 qui
1711 1294 1956 1346 Ἡρακλέους
1988 1296 2108 1347 ὀργήν

535 1364 609 1402 τιν’
639 1361 745 1415 ἔχων
779 1363 936 1406 1111111115
972 1364 1128 1406 auxilio
1169 1363 1343 1405 adiutus
1386 1376 1483 1404 cum
1522 1363 1694 1405 levitate
1729 1368 1769 1405 et
1810 1363 1979 1405 inscitia
2025 1363 2106 1405 bel-

533 1429 621 1472 lum
667 1445 747 1473 non
792 1433 1088 1475 intermissum
1134 1434 1276 1488 geris,
1320 1432 1362 1473 in
1412 1444 1495 1486 qua
1540 1446 1585 1474 re
1623 1431 1890 1488 popularium
1936 1438 2104 1474 tuorum

534 1499 758 1543 candorem
791 1506 831 1543 et
862 1501 1037 1544 solidam
1072 1501 1355 1544 eruditionem
1395 1500 1604 1544 indefesso
1635 1502 1776 1544 labore
1811 1507 1976 1557 partam
2007 1515 2104 1544 cunt

533 1570 746 1613 Gallorum
790 1571 931 1628 lepore
974 1577 1014 1613 et
1056 1570 1285 1613 festivitate
1329 1575 1370 1613 et
1415 1572 1596 1614 sanitate
1640 1570 1821 1614 feliciter
1864 1572 2102 1626 coniungis

532 1641 782 1683 Plaudimus
816 1641 892 1683 tibi
923 1655 1067 1683 omnes
1107 1641 1262 1697 quihus
1294 1653 1392 1683 vera
1423 1653 1471 1682 ac
1506 1653 1651 1683 severa
1686 1640 1986 1682 humaniorum
2023 1640 2104 1682 Lit-

533 1716 721 1753 terarum
768 1710 909 1752 studia
951 1716 1050 1753 sunt
1096 1724 1225 1753 curae
1268 1708 1483 1764 cordique.
1552 1709 1757 1765 Equidem
1806 1715 1901 1752 tuos
1945 1709 2105 1751 libellos

531 1779 675 1835 legens
711 1780 1025 1834 ἐπιφθέγγομαί
1055 1797 1112 1823 σοι
1145 1781 1189 1823 τὸ
1221 1778 1465 1832 “Ομκρικο’ν·

710 1849 843 1892 Βάλλ’
876 1848 998 1897 οὕτως
1027 1850 1073 1891 αἵ
1103 1849 1168 1891 κέν
1193 1865 1231 1891 τι
1265 1848 1372 1901 φάος
1405 1848 1686 1902 razda-3461
1721 1849 1880 1899 γένηαι.

590 1918 738 1961 Imhue
774 1924 940 1974 gentem
977 1917 1158 1974 lepidam
1191 1923 1232 1960 et
1259 1916 1481 1959 amabilem
1519 1918 1593 1959 tali
1623 1918 1813 1960 doctrina
1854 1917 2020 1973 qualem
2061 1919 2104 1960 in

531 1994 674 2031 nostra
705 1994 885 2044 uterque
917 1989 1054 2044 patria
1085 1987 1135 2029 ab
1164 1988 1339 2030 ineunte
1382 1991 1519 2029 aetate
1557 1987 1817 2029 imbibimus.
1882 1987 1966 2028 Fac
1999 1986 2106 2029 Galli

530 2059 710 2102 Graecos
738 2072 819 2100 non
848 2064 1015 2100 tantum
1047 2062 1213 2108 ament,
1248 2056 1319 2100 sed
1346 2062 1443 2099 ante
1470 2057 1611 2099 omnia
1640 2056 1893 2111 intelligant.
1929 2055 2104 2108 Quando

529 2128 657 2170 semel
693 2129 748 2170 τοὶ
778 2128 889 2171 κάτω
930 2127 1188 2181 ἰσχυρότατα
1231 2131 1358 2170 erunt
1396 2125 1533 2176 sacta,
1579 2132 1731 2169 natura
1776 2126 1867 2181 ipsa
1914 2125 2104 2181 perficiet

528 2197 716 2253 reliqua,
765 2211 901 2254 neque
949 2197 1109 2240 videbit
1155 2196 1287 2240 Gallia
1332 2196 1514 2252 amplius
1561 2196 1789 2239 editionem
1828 2195 1926 2237 huic
1976 2207 2101 2251 quam

528 2267 880 2323 reprebendimus
913 2267 1108 2310 similem.

589 2337 704 2390 Quod
736 2337 787 2379 ad
820 2337 1125 2380 Philostratum
1167 2337 1305 2392 ipsum
1340 2335 1492 2377 attinet
1521 2349 1569 2378 ex
1601 2336 1731 2377 animi
1767 2335 1975 2377 sententia
2008 2333 2104 2376 Edi·

528 2409 633 2449 toris
663 2407 787 2450 verba
823 2421 915 2450 mea
954 2407 1088 2457 sacio,
1122 2419 1230 2463 quae
1263 2405 1403 2461 posuit
1441 2405 1485 2446 in
1524 2404 1660 2447 Praef.
1705 2419 1744 2460 p.
1778 2419 1904 2447 xxm:

589 2478 705 2520 »J'cn
747 2478 908 2533 appelle
941 2477 990 2520 de
1026 2483 1119 2519 tous
1160 2489 1250 2518 mes
1291 2487 1422 2517 voeux
1462 2474 1485 2516 a
1527 2488 1580 2516 un
1613 2475 1714 2530 juge
1760 2475 1851 2517 bien
1899 2472 2100 2521 informe,

527 2560 580 2589 au
613 2549 840 2590 manuscrit
872 2547 1007 2590 decrit
1041 2561 1116 2603 par
1158 2546 1209 2588 M.
1245 2544 1427 2587 Minoide
1461 2543 1634 2601 Mynas,
1679 2544 1782 2587 dans
1832 2544 1868 2586 le
1901 2542 2103 2586 Moniteur

526 2618 578 2658 dn
615 2622 637 2660 5
659 2618 827 2673 ι77111111ον
860 2618 1017 2660 1844.”
