2316 3491
1318 214 1371 253 OG

622 327 750 370 Recte
790 341 830 383 p.
867 330 951 377 22,
989 329 1055 368 14.
1106 326 1338 382 repositum
1382 331 1446 368 est
1485 324 1551 368 ὅτε
1590 331 1747 375 νικῆσαι
1789 328 1863 379 μὲν
1908 327 2084 370 Εὐτελ
2101 326 2131 367 ί-

560 398 655 439 δαν
704 395 1049 446 Λακεδαιμόνιον,
1091 408 1167 450 pro
1213 395 1391 438 εὐτείδα.
1470 393 1570 436 Sine
1618 395 1769 437 mendo
1813 396 2043 437 Pausanias
2083 395 2131 436 V.

561 479 603 507 ix
639 469 677 507 1.
715 471 756 506 et
790 465 860 507 VI.
892 478 957 506 XV.
994 467 1033 506 8.
1099 464 1294 506 Mendose
1342 463 1549 506 Eusebius
1596 463 1647 505 acl
1693 463 1857 521 Olymp.
1888 464 2131 507 XXXVIII:

561 534 775 586 προσετέθη
821 535 973 575 παιῖων
1015 533 1238 581 πένταθλος
1284 533 1352 575 καὶ
1401 533 1648 583 ἠγωνίσαντο
1691 533 1785 574 τότε
1829 534 1974 583 μόνον,
2020 534 2132 575 ἐνίκα

563 604 880 650 Δευτελίδας
919 602 1095 654 Λάκων,
1128 617 1203 659 pro
1235 604 1346 645 ἐνίκα
1380 604 1413 645 δ’
1446 602 1690 648 Εὐτελίδας.
1753 601 1869 643 Vidit
1904 602 2134 643 Pausanias

563 670 783 728 Olympiae
823 673 1156 715 vetustissimam
1202 672 1422 715 Eutelidae
1466 677 1676 714 statuam:
1710 670 1769 715 ἔςι
1798 672 1838 713 δὲ
1876 670 1900 720 η’
1931 688 1977 714 τε
2019 671 2133 712 εἰκὼν

558 741 723 793 ἀρχαία
770 744 840 783 τοῦ
885 743 1091 784 Εὐτελίδα
1138 742 1206 784 καὶ
1239 742 1296 784 τοὶ
1339 742 1404 784 ἐπὶ
1448 743 1502 794 τῷ
1533 741 1668 793 βάθρῳ
1696 741 1936 793 γράμματα
1970 740 2134 792 οὲμυδροὶ

562 811 638 852 ὑπὸ
671 814 741 851 τοῦ
772 809 916 862 χρόνον
950 811 1017 854 VI.
1053 824 1120 852 xv,
1154 813 1195 852 8.
1258 810 1388 852 Nemo
1422 810 1673 860 mirabitur,
1707 823 1803 851 nam
1833 811 1993 852 vicerat
2035 815 2134 851 ante

562 892 694 921 annos
725 878 821 934 plus
856 892 983 934 quam
1018 880 1280 937 oclz'nyentos.
1345 880 1456 922 Vicit
1492 880 1604 922 enim
1640 879 1858 922 Eutelidas
1891 892 2000 921 anno
2031 881 2132 921 628.

561 962 602 991 a.
647 947 743 990 Chr.
778 953 819 990 et
866 949 1038 1004 scripsit
1074 949 1305 992 Pausanias
1348 949 1471 991 annis
1517 962 1559 1004 p.
1595 947 1690 990 Chr.
1729 951 1811 991 174
1835 982 1845 999 ‚
1879 954 1928 991 ut
1960 953 2134 1005 apparet

562 1031 615 1061 ex
647 1017 755 1059 libro
783 1018 834 1060 V.
869 1031 896 1059 1.
932 1020 973 1060 2.

623 1088 704 1140 Qui
754 1093 1114 1130 commemoratur
1160 1101 1200 1143 p.
1234 1089 1314 1137 22,
1351 1089 1419 1129 18.
1474 1087 1726 1139 Πολυμήςωρ
1759 1086 1779 1128 o‘
1818 1087 2044 1137 Μιλήσιος,
2094 1085 2133 1135 ὃς

562 1164 612 1211 τῇ
646 1157 748 1211 ῥύμη
779 1162 856 1200 τῶν
897 1158 1023 1200 ποδῶν
1067 1158 1210 1208 λαγὼν
1243 1156 1443 1210 ἔφθανεν,
1488 1156 1676 1198 eiusdem
1712 1157 1959 1199 memoriam
1994 1162 2135 1199 servat

562 1227 772 1270 Eusebius
804 1227 856 1269 ad
887 1227 1123 1285 Olympiad.
1160 1227 1299 1269 XLVI.
1363 1226 1614 1279 Πολυμηςωρ
1648 1228 1847 1276 ’Μιλήσιος
1878 1227 2030 1269 παίδων
2059 1227 2134 1272 :02-

561 1299 662 1346 διον,
696 1295 735 1344 ὃς
765 1299 942 1340 αἷπολῶν
971 1299 1113 1348 λαγὼν
1145 1296 1398 1348 κατέλαβεν.

632 1367 763 1419 Quem
816 1372 961 1408 narrat
1009 1366 1292 1408 Philostratus
1341 1379 1379 1421 p.
1415 1367 1498 1414 22,
1534 1367 1604 1407 21.
1671 1367 1855 1415 Φιλήταν
1899 1367 2135 1419 Συβαρίτην

559 1436 831 1487 νενικηκέναι,
865 1436 1046 1478 eundem
1082 1435 1133 1478 ad
1172 1434 1460 1492 Olymp.XLI.
1498 1435 1690 1477 nominat
1720 1435 1956 1478 Eusebius:
1990 1443 2134 1488 Προσε·

559 1507 651 1554 τέθη
691 1507 843 1548 παίδων
888 1507 1036 1557 πυγμὴ
1071 1506 1138 1548 καὶ
1179 1506 1289 1547 ἐνίκα
1328 1505 1516 1551 Φιλώτας
1552 1505 1572 1523 *
1605 1506 1838 1558 συκαρίτης.
1903 1506 2137 1550 Emendate

561 1575 766 1618 scribitur
814 1577 1049 1628 Συβαρίτης
1098 1578 1280 1623 Φιλητᾶς
1328 1574 1438 1630 apud
1483 1574 1734 1617 Pausaniam
1765 1575 1812 1617 V.
1849 1589 1934 1617 vm.
1970 1579 2012 1619 9.
2079 1577 2137 1620 De

560 1646 847 1688 controversia
887 1659 1012 1700 quam
1050 1651 1188 1687 movet
1237 1645 1461 1700 Sophista‚
1512 1651 1655 1686 utrum
1704 1644 1781 1686 hoc
1825 1644 1877 1686 ad
1922 1645 2136 1702 Olympia-

561 1715 656 1757 dem
686 1715 778 1757 XLI
811 1728 861 1756 au
898 1715 979 1756 LX.
1026 1714 1295 1757 referendum
1329 1715 1415 1765 sit,
1463 1714 1594 1756 altum
1641 1713 1752 1769 apud
1786 1728 1855 1756 eos
1899 1715 2133 1760 silentium.

559 1785 725 1827 Diserte
760 1791 937 1840 uterque
969 1798 1060 1827 eam
1097 1798 1184 1827 rem
1220 1784 1409 1839 assignat
1447 1783 1687 1841 Olympiadi
1720 1784 1824 1825 XLI.

621 1855 876 1909 Corruptum
926 1868 1077 1896 nomeu
1125 1868 1163 1910 p.
1195 1857 1264 1895 24.
1303 1858 1341 1896 1.
1394 1854 1639 1906 Δημάρητος
1672 1878 1731 1884 ——
1763 1854 1948 1906 Ἡραιεύς
1989 1861 2035 1897 ut
2068 1870 2134 1898 su-

560 1936 636 1979 pra
671 1923 983 1973 iudicavimus,
1017 1937 1038 1965 e
1070 1924 1274 1964 Pausania
1308 1922 1617 1964 emendandum
1653 1923 1693 1963 in
1723 1923 1979 1974 Δαμάρετος.
2015 1926 2136 1980 Apud

561 1992 793 2035 Eusebium
829 1999 889 2034 est
924 1992 974 2034 ad
1020 1991 1257 2050 Olympiad.
1291 1992 1411 2034 LxV.
1460 1992 1683 2043 Προσετέθη
1718 1993 1888 2041 ὁπλίτης
1921 1994 1988 2035 καὶ
2023 1996 2135 2038 ἐνίκα

562 2062 811 2115 Δαμάρητος
845 2063 1138 2115 Ἡρακλείδης,
1172 2063 1321 2104 vitiose
1357 2075 1430 2116 pro
1464 2062 1708 2113 Δαμάρετος
1737 2064 1938 2113 Ἡραιεύς.

622 2132 739 2184 Quod
775 2132 1059 2174 Philostratus
1092 2132 1219 2173 veluti
1256 2131 1500 2174 dubitanter
1533 2131 1708 2174 scribit:
1742 2134 1957 2184 Ἡραιεύς,
1990 2132 2133 2184 οἶμαι,

562 2203 637 2251 ὢν,
686 2201 867 2243 ostendit
918 2215 1013 2243 eum
1062 2202 1290 2243 nescivisse
1338 2201 1595 2244 athletarum
1641 2215 1690 2243 ex
1725 2202 1903 2243 Arcadia
1944 2205 2133 2246 omnium

564 2271 874 2313 nobilissimum
930 2270 1061 2314 fuisse
1115 2272 1361 2323 Δαμάρετον
1404 2273 1472 2314 τὸν
1520 2273 1680 2323 Ἡραιά.
1746 2271 1975 2314 Pausanias
2019 2274 2136 2316 VIII.

562 2356 673 2384 xxvi.
709 2344 760 2383 2:
811 2341 1020 2389 Ἀθλητας
1064 2342 1103 2382 δὲ
1158 2341 1292 2383 ὁπόσοι
1349 2341 1571 2392 ’γεγόνασιν
1612 2340 1805 2392 ’Λρκοέο-ιν
1846 2344 2039 2395 ὑπερῆρκε
2086 2350 2136 2398 τῇ

563 2411 653 2464 δόξη
702 2411 946 2463 Δαμάρετος
994 2410 1207 2462 Ἡραιεύς,
1256 2408 1294 2458 ἓς
1343 2412 1409 2453 τὸν
1467 2411 1638 2458 ὁπλίτην
1686 2410 1827 2462 ’δρόμον
1874 2413 2051 2460 ἐνίκησεν
2097 2414 2135 2455 ἐν

564 2482 784 2535 Ὀλυμπία
818 2486 985 2532 πρῶτος.
1050 2480 1134 2521 Nec
1171 2481 1258 2535 ipse
1292 2486 1457 2522 tantum
1509 2486 1598 2522 erat
1645 2480 1794 2521 nobilis
1827 2481 1897 2522 sed
1936 2482 1999 2538 (ut
2043 2481 2134 2523 Phi-

563 2550 725 2592 lostrati
763 2551 896 2605 ipsius
929 2549 1070 2592 verbis
1110 2556 1206 2591 utar
1240 2563 1276 2606 p.
1303 2553 1382 2600 50,
1420 2549 1508 2606 19).
1545 2549 1760 2592 Damareti
1794 2551 1810 2592 ὁ
1843 2548 1943 2598 οἶκος
1976 2553 2134 2603 Ὀλυμ-

563 2627 737 2662 πιονῖκαι
781 2620 950 2666 πάντες.
1026 2619 1131 2662 Vide
1176 2620 1428 2662 Pausaniam
1463 2620 1532 2661 VI.
1568 2633 1606 2661 x.
1642 2621 1694 2668 4,
1742 2619 1813 2661 ubi
1865 2627 1906 2662 et
1949 2626 2132 2664 voterem

564 2690 777 2732 Damareti
827 2694 1011 2731 statuam
1071 2689 1300 2732 describit:
1349 2690 1569 2737 πεποίηται
1616 2690 1633 2730 ὃ
1678 2689 1925 2742 Δαμαρέτου
1972 2692 2134 2744 ἀνδριὰς

561 2761 719 2802 ἀσπίδα
753 2775 799 2801 τε
833 2759 937 2811 ἔχων
967 2759 1035 2800 καὶ
1071 2760 1208 2812 κράνος
1240 2759 1304 2801 ἐπὶ
1339 2766 1389 2812 τῇ
1421 2765 1589 2812 κεφαλῇ
1624 2759 1692 2800 καὶ
1723 2761 1920 2810 κνημῖδας
1952 2762 2016 2803 ἐπὶ
2051 2767 2132 2809 τοῖς

561 2831 689 2873 ποσίν.
754 2830 1065 2871 Commemorat
1098 2830 1252 2871 iterum
1289 2830 1502 2872 Damareti
1547 2829 1766 2871 victoriam
1799 2830 1847 2872 X.
1883 2843 1950 2872 vu.
1987 2833 2025 2872 7.

622 2899 737 2951 Quae
780 2899 928 2941 scribit
974 2898 1257 2942 Philostratus
1298 2913 1337 2955 p.
1365 2901 1447 2948 24,
1483 2900 1523 2942 5.
1573 2911 1701 2954 supra
1747 2899 1807 2942 sic
1841 2912 1862 2942 a
1908 2899 2028 2943 nobis
2068 2914 2130 2944 re-
