2316 3491
1293 211 1346 250 78

522 324 686 367 LXVlt.
763 327 900 370 Φανοῖς
950 323 1179 370 Πελληνεὺς
1230 323 1378 367 ςοέδιον.
1425 328 1581 375 Πρῶτος
1626 325 1855 376 ἐτρίσσευσε
1903 328 2092 376 δίαυλον,

523 392 660 436 ὅπλον.
739 391 978 447 Legendum
1028 397 1118 433 est:
1167 392 1427 444 ε’τρίσο-ευσε,
1478 391 1677 448 (ςαδιον),
1719 395 1907 446 δίαυλον,
1955 395 2093 439 ὅπλον.

524 463 709 504 Alterius
753 461 935 514 τριττύος
982 460 1223 516 exemplum
1268 466 1331 502 est
1379 460 1491 516 apud
1536 462 1784 505 Pausaniam
1817 465 1890 507 VI.
1925 479 2011 508 xm.
2046 469 2092 508 5:

523 532 699 579 Πολίτης
731 532 774 572 ἐκ
805 530 990 582 Κεραμου
1024 530 1188 582 δολιχοῦ
1222 546 1268 571 τε
1301 530 1340 571 ἐν
1374 531 1504 585 ἡμέρα
1536 537 1586 584 τῇ
1620 532 1726 584 αὐτῇ
1755 532 1823 573 καὶ
1857 528 2095 586 παραυτίκα

522 601 659 646 ςαδίου
707 600 850 650 λαβὼν
885 600 992 647 νίκην
1036 600 1251 652 προσέθηκε
1285 600 1449 642 διαύλου
1493 601 1611 654 σφίσι
1656 601 1727 648 την
1769 602 1921 653 τρίτην.
1989 603 2096 644 Huic

521 671 664 712 statim
712 669 969 711 mentionem
1004 669 1212 711 Leonidae
1257 669 1505 724 subiungit,
1540 683 1665 725 quern
1713 673 1903 712 omnium
1951 671 2096 714 laudes

520 752 742 795 superasse
784 744 933 780 auctor
975 744 1052 780 est.
1118 738 1302 794 Apparet
1347 739 1389 780 in
1434 738 1499 780 his
1544 740 1740 782 omnihus
1780 741 1938 782 servari
1983 741 2095 783 ordi-

519 822 615 851 nem
651 809 692 849 in
729 808 831 863 ipsis
864 806 975 848 ludis
1015 807 1221 848 usitatum
1254 808 1418 857 ςαδιον,
1451 809 1642 859 δίαυλον,
1675 808 1798 852 ὅπλον
1832 816 1872 852 et
1904 811 2095 863 δολιχόν,

520 877 677 926 ςοὲδιον,
711 877 885 919 δίαυλον.
951 876 1123 918 Constat
1155 877 1283 918 etiam
1319 876 1491 919 aliunde
1520 879 1565 920 τὸ
1597 879 1771 931 τριαζειν
1817 879 1867 921 de
1912 881 2094 922 cursori·

519 947 599 989 bus
643 946 805 987 dictum
857 958 879 987 a
920 945 1092 987 Graecis
1141 945 1198 986 ita
1245 946 1410 1001 accipi,
1469 952 1517 988 ut
1565 948 1749 1002 cogitent
1799 948 1886 1001 περὶ
1931 949 2096 999 ςαδίου,

521 1017 684 1060 διαύλου
717 1015 785 1057 καὶ
820 1015 1000 1068 δολιχοῦ.
1065 1014 1296 1069 Apparebit
1326 1014 1402 1057 hoe
1435 1029 1486 1057 ex
1531 1015 1667 1058 Photii
1710 1016 1861 1059 Lexico
1901 1031 1937 1059 v,
1983 1025 2095 1070 Τρι-

521 1087 766 1139 αχθῆναι
812 1084 1002 1134 λέγουσιν
1049 1086 1083 1126 οἱ
1131 1085 1389 1136 παλαιςρικοὶ
1448 1085 1538 1127 αντὶ
1582 1089 1652 1128 τοῦ
1708 1086 1825 1138 τρὶς
1874 1094 2093 1135 πεσεῖν,

523 1158 545 1206 ἢ
578 1157 624 1198 τὸ
656 1154 740 1207 τρὶς
773 1153 1043 1206 τροχασαντα
1077 1156 1277 1203 νικηθῆναι
1312 1154 1476 1204 ςαδιον,
1510 1156 1701 1206 δίαυλον,
1749 1156 1926 1208 δολιχόν.
1974 1155 2096 1204 οὕτως

526 1226 770 1276 Θευγενίδης
818 1225 857 1266 ἐν
903 1229 1123 1271 Δικαςαῖς.
1189 1226 1444 1277 Τριαχθῆναι
1488 1225 1559 1267 illo
1597 1239 1726 1267 sensu
1763 1238 1786 1266 a
1828 1225 1996 1267 Conlico
2027 1226 2097 1268 πέ-

523 1311 698 1338 παικται
719 1327 728 1343 ,
762 1292 832 1335 sed
880 1292 1030 1334 doetus
1078 1293 1394 1336 Grammaticus
1436 1295 1495 1336 ita
1526 1295 1663 1350 aperit
1696 1294 1812 1336 verbi
1845 1308 2016 1337 sensum
2051 1301 2098 1338 ut

524 1364 718 1407 ostendat
761 1362 862 1418 quid
909 1362 964 1402 sit
998 1363 1038 1402 in
1074 1375 1249 1405 cursore
1296 1364 1341 1405 τὸ
1389 1363 1563 1416 τριαζειν
1605 1370 1645 1406 et
1684 1364 1729 1406 τὸ
1775 1367 1940 1417 τριαςην
1982 1363 2095 1408 εἶναι.

523 1434 808 1475 Coniunxerat
852 1430 998 1473 eadem
1047 1432 1225 1481 Πολίτης
1273 1434 1536 1486 Κεραμίτης,
1586 1433 1659 1489 qui
1707 1433 1757 1475 ad
1805 1432 2098 1490 Olympiadem

523 1502 675 1545 CCXII.
721 1503 761 1543 ἐν
798 1507 848 1554 τῇ
893 1502 1121 1554 ἀναγραφῇ
1171 1502 1306 1544 victor
1348 1503 1536 1559 scriptus
1576 1509 1652 1545 est.
1716 1503 1921 1545 Leonidas
1953 1510 2094 1546 tamen

522 1574 591 1615 τὸν
623 1572 794 1619 ὁπλίτην
827 1570 967 1623 δρόμον
1000 1584 1096 1612 cum
1142 1572 1265 1625 ςαδίῳ
1299 1578 1339 1615 et
1370 1573 1520 1626 διαύλῳ
1561 1573 1869 1622 coniunxerat,
1902 1578 1950 1614 ut
1982 1578 2097 1628 patet

523 1656 571 1685 ex
608 1643 659 1683 iis
688 1653 795 1697 quae
825 1640 936 1695 apud
979 1640 1284 1683 philostratum
1319 1643 1521 1683 continuo
1568 1648 1807 1697 sequuntur
1848 1656 1888 1698 p.
1921 1645 1974 1685 52
1996 1675 2006 1694 ,
2043 1646 2095 1685 ὅτ

524 1712 590 1754 τὸν
623 1712 695 1762 μὲν
729 1711 773 1758 δη
807 1710 1162 1751 ὁπλιτεύοντα
1195 1711 1352 1764 πλευρα
1384 1728 1430 1753 τε
1463 1712 1618 1762 εὐμήκη
1667 1712 1980 1765 παραπεμπέτω
2010 1713 2094 1754 κτέ.

526 1781 686 1823 Similis
736 1779 938 1821 victoriae
997 1780 1201 1822 memoria
1252 1786 1387 1822 exstat
1436 1781 1477 1822 in
1533 1781 1686 1823 eximio
1739 1781 1975 1836 fragmento
2022 1787 2094 1830 τῆς

525 1854 849 1901 Ὀλυμπιονικῶν
897 1849 964 1890 καὶ
1012 1854 1203 1901 χρονικῶν
1257 1856 1503 1900 συναγωγῆς
1565 1850 1806 1905 Phlegontis
1863 1850 2094 1899 Tralliani,

524 1920 634 1975 quod
668 1919 850 1962 servavit
890 1917 1062 1959 Photius
1096 1919 1138 1959 in
1170 1918 1366 1960 Biblioth.
1401 1919 1498 1960 Cod.
1529 1922 1599 1962 97.
1633 1921 1699 1962 ἐπὶ
1729 1926 1801 1969 τῆς
1831 1920 1907 1974 po?
1936 1924 2095 1971 Ὀλυμ·

524 1990 663 2037 πιάδος
697 1990 808 2031 ἐνίκα
839 1987 1101 2038 Ἑκατόμνως
1147 1991 1348 2038 Μιλήσιος
1389 1989 1525 2033 ςαδιον
1556 1989 1624 2031 καὶ
1665 1989 1826 2032 δίαυλον
1868 1990 1936 2032 καὶ
1982 1990 2095 2032 ὄπλί·

523 2077 626 2108 την,
674 2065 714 2101 et
758 2064 850 2114 post
896 2074 1028 2116 pauca
1064 2061 1248 2102 iterum:
1290 2059 1554 2110 Ἕκατόμνως
1591 2061 1792 2109 Μιλήσιος
1824 2085 1883 2091 -—
1914 2059 1970 2102 τα
2003 2060 2095 2112 τρία

524 2130 755 2182 ἐςεφανοέθη
789 2130 952 2180 ςαδιον,
985 2130 1148 2172 δίαυλον
1168 2162 1177 2179 ,
1209 2129 1381 2177 ὁπλίτην
1404 2162 1412 2177 ,
1448 2129 1570 2184 plane
1598 2135 1644 2171 ut
1676 2129 1725 2171 de
1759 2129 1945 2172 Leonida
1988 2129 2096 2172 Rho·

524 2199 592 2241 dio
621 2199 794 2253 scripsit
836 2199 1146 2250 Philostratus,
1192 2198 1301 2254 apud
1346 2212 1470 2254 quem
1516 2200 1667 2241 vitium
1705 2198 1852 2241 haeret
1890 2201 1932 2241 in
1972 2212 2094 2242 accu-

524 2269 658 2311 sativo
691 2269 876 2317 ὁπλίτην.
940 2269 1062 2312 Certo
1094 2281 1173 2310 usu
1202 2268 1342 2318 enim,
1386 2274 1433 2310 ut
1476 2268 1587 2324 apud
1632 2268 1900 2323 phlegontem
1950 2269 2093 2319 vides,

524 2339 695 2387 ὁπλίτης
729 2339 966 2394 appellatur
996 2340 1036 2380 in
1068 2338 1181 2380 ludis
1217 2351 1297 2380 non
1332 2339 1349 2379 ὁ
1383 2338 1579 2390 δρομεύς,
1613 2337 1684 2380 sed
1718 2339 1734 2380 ὁ
1767 2338 1920 2390 δρόμος.
1986 2338 2095 2380 Dici-

523 2414 596 2451 tur
626 2409 758 2461 δρόμοι
791 2409 985 2459 ὁπλῖται,
1032 2414 1077 2450 ut
1110 2408 1240 2461 δρόμοι
1275 2407 1459 2458 ἔνοπλοι,
1506 2413 1547 2450 et
1588 2409 1754 2450 ὁπλίτου
1787 2413 1959 2460 τυχεῖν,
2006 2406 2093 2451 vid.

524 2492 564 2534 p.
599 2482 683 2528 10,
720 2481 771 2519 5;
821 2481 898 2527 12,
933 2481 981 2521 6:
1028 2481 1107 2527 024,
1141 2480 1180 2518 2.
1247 2477 1461 2529 Quomodo
1507 2478 1639 2532 igitur
1685 2478 1895 2525 ὁπλίτην
1942 2478 1982 2520 δὲ
2023 2477 2091 2519 καὶ

523 2548 661 2592 ςαδίου
708 2549 910 2597 αγωνιςην
951 2560 1201 2604 componere
1242 2546 1414 2603 potuit?
1479 2547 1600 2589 Nullo
1635 2546 1785 2597 modo,
1834 2546 1906 2589 sed
1949 2547 2093 2589 ὁπλί-

522 2632 610 2660 του
644 2617 684 2658 δὲ
717 2616 785 2658 καὶ
820 2619 957 2661 ςαδίου
990 2616 1301 2659 restituendum
1336 2622 1413 2658 est.

592 2685 835 2728 Ahsurdum
884 2687 1110 2730 manifesto
1149 2692 1212 2729 est
1259 2700 1298 2742 p.
1329 2689 1414 2735 58,
1450 2689 1499 2728 8:
1546 2687 1698 2739 ἱσχυρα
1741 2687 1823 2739 γαρ
1864 2690 2004 2729 ταῦτα
2034 2711 2094 2718 -

521 2756 589 2798 καὶ
623 2761 832 2798 παλαῖσαι
862 2757 937 2807 μὲν
970 2755 1144 2808 ἥττονα,
1176 2757 1532 2809 παλαιςρικώτερα
1565 2757 1605 2798 δὲ
1634 2762 1711 2799 τῶν
1739 2756 1890 2798 ἄλλων.
1953 2755 2093 2798 Nihilo

522 2827 664 2868 sanior
696 2832 758 2867 est
791 2826 1111 2883 interpretatio:
1158 2826 1234 2869 »de
1267 2826 1384 2869 telles
1416 2827 1620 2881 poitrines
1653 2831 1770 2875 sont,
1818 2825 1843 2867 il
1876 2830 1938 2868 est
1974 2826 2091 2875 viai,

523 2897 658 2937 moins
692 2895 849 2938 honnes
877 2911 981 2952 pour
1015 2897 1054 2938 [α
1088 2897 1215 2946 lune,
1253 2896 1360 2938 mais
1390 2895 1489 2938 elles
1520 2896 1800 2939 conviennent
1833 2896 1973 2938 mieux
2010 2907 2092 2951 que
