2316 3491
897 248 948 286 81

145 361 256 418 piad.
283 360 420 404 XCVI.
466 361 707 412 Εὐπόλεμος
742 364 899 408 Ἡλεῖος
930 360 1091 411 ςάδιον,
1125 365 1168 403 et
1191 360 1303 418 apud
1334 359 1587 403 Pausaniam
1614 356 1723 400 V111.

147 444 238 472 xLV.
273 434 311 472 4.
356 431 521 484 δευτέρῳ
555 430 633 473 ἔτει
675 437 748 480 τῆς
782 429 901 478 ἕκτης
935 430 1002 472 καὶ
1043 430 1274 481 ἐνενηκοςῆς
1322 428 1637 482 Ὀλυμπιάδος,
1680 424 1724 474 ἣν

146 499 387 551 Εὐπόλεμος
427 501 586 547 Ἠλεῖος
630 500 742 542 ἐνίκα
776 498 924 544 ςάδιον.
993 498 1149 541 Vitiose
1194 499 1402 542 Diodorus
1448 497 1577 542 Sicul.
1610 495 1721 538 XIV.

148 572 230 611 54:
279 569 521 621 Ὀλυμπιάς
553 570 586 611 δ’
620 569 724 623 ἤχθη
758 570 966 616 ἐνενηκοςη
989 567 1056 609 καὶ
1094 566 1190 616 ἕκτη
1211 601 1220 618 ,
1254 566 1297 616 ἣν
1332 569 1444 611 ἐνίκα
1476 566 1723 613 Εὔπολις

146 640 333 687 Ἠλεῖος,
378 637 451 680 sed
484 636 724 680 emendavit
763 635 901 678 locum
936 635 1262 690 Wesselingius.
1330 635 1439 679 Sunt
1482 636 1586 678 haec
1619 635 1726 677 anti—

148 706 322 762 quiora:
367 705 634 761 sequioribus
676 703 939 759 temporibus
972 704 1014 745 in
1048 704 1225 747 Graecia
1270 704 1419 747 effoeta
1463 710 1504 747 et
1547 705 1727 746 servitu-

149 782 232 818 tem
268 775 477 816 serviente
512 774 681 817 fraudes
708 777 783 815 τῶν
811 774 1107 815 Ἑλλανοδικῶν
1142 773 1335 816 crebrius
1364 779 1582 830 apparent.
1648 772 1727 815 Ad-

149 844 357 900 scriptum
389 848 453 886 est
491 844 530 885 ἕν
563 851 613 897 τῇ
646 844 875 895 ἀναγραφῇ
909 841 960 884 ad
1006 841 1245 900 Olympiad.
1274 843 1409 887 CCIV.
1454 856 1551 885 ann.
1583 846 1651 885 57.
1686 856 1727 899 p.

149 913 245 956 Chr.
282 914 517 969 imperante
552 911 740 955 Tiberio:
770 911 828 953 ἔτι
864 913 1406 965 παραβραβευόντων
1451 917 1528 955 τῶν
1558 913 1729 955 Ἠλείων

150 984 242 1030 τοὺς
275 982 517 1034 δυναμένους
541 1016 550 1034 ,
597 988 639 1025 et
670 981 720 1024 ad
763 979 1000 1038 Olympiad.
1028 981 1260 1024 CCXXXII.
1297 995 1394 1025 ann.
1425 984 1520 1024 149.
1556 995 1594 1037 p.
1628 981 1729 1026 Chr.

151 1054 388 1109 imperante
423 1052 634 1094 Antonino
669 1051 767 1093 Pio:
805 1049 1023 1103 Σωκράτης
1067 1051 1205 1100 πάλην
1234 1052 1302 1094 καὶ
1338 1051 1594 1104 παγκράτιον
1628 1053 1730 1094 άπο·

150 1121 421 1176 γραψάμενος
455 1123 529 1164 ὑπὸ
563 1121 734 1163 Ἠλείων
766 1120 1083 1172 παρεβραβεύθη
1129 1121 1204 1163 ὑπὸ
1240 1121 1447 1162 Διονυσίου
1481 1120 1729 1169 Σελευκέως.

154 1191 266 1234 Satis
296 1190 520 1234 manifesta
551 1204 619 1233 res
649 1195 712 1232 est
747 1188 811 1231 vel
837 1201 888 1230 ex
921 1189 1013 1244 ipso
1045 1189 1172 1232 verbo
1209 1189 1576 1242 παραβραβεύειν,
1619 1189 1732 1245 quod

153 1264 218 1303 est
248 1260 293 1301 τὸ
325 1260 522 1312 βραβεῖον
560 1259 672 1313 παρα
705 1261 751 1301 τὸ
792 1258 942 1301 δίκαιον
981 1259 1127 1302 διδόναι
1161 1261 1182 1310 ἢ
1211 1261 1490 1313 άφαιρεῖσθαι.
1556 1260 1732 1316 Turpis-

155 1330 312 1371 simum
349 1328 513 1372 facinus
546 1334 638 1378 est,
672 1327 783 1384 quod
818 1327 1113 1371 Hellanodicae
1146 1330 1454 1372 commiserunt
1496 1331 1735 1387 imperante

156 1397 424 1454 Heliogabalo
454 1397 704 1455 Olympiade
723 1397 832 1439 CCL.
869 1410 966 1439 ann.
1001 1412 1040 1454 p.
1076 1398 1170 1441 Chr.
1193 1402 1293 1440 221.
1328 1400 1451 1441 cuius
1483 1401 1733 1443 memoriam

156 1469 340 1510 servavit
374 1469 450 1510 Dio
483 1468 652 1510 Cassius
686 1467 868 1509 LXXIX.
908 1470 987 1509 10:
1022 1468 1039 1508 ὁ
1070 1468 1110 1510 δὲ
1147 1468 1619 1521 Σαρδανάπαλλος
1656 1471 1737 1528 (sic

157 1543 400 1595 portentum
436 1537 621 1579 hominis
654 1536 866 1593 appellare
912 1536 1032 1592 solet)
1078 1537 1146 1579 καὶ
1180 1539 1345 1588 άγῶνας
1378 1539 1500 1582 ἐποίει
1540 1541 1608 1583 καὶ
1642 1539 1735 1588 θέας

156 1607 344 1660 συχνάς,
378 1608 418 1649 ἐν
451 1604 516 1655 αἶς
547 1608 743 1659 Αὐρήλιος
778 1605 903 1655 Αἵλιξ
935 1607 952 1647 ὁ
991 1607 1169 1655 άθλητης
1203 1608 1492 1659 εὐδοκίμησεν,
1526 1607 1566 1657 ὃς
1598 1613 1737 1652 τοσοῦ-

156 1693 222 1720 τον
254 1678 346 1725 τοὺς
376 1677 666 1727 άνταγωνιςας
702 1677 891 1727 ὑπερῆρεν
922 1673 996 1720 ὤςε
1035 1675 1211 1724 πάλην
1240 1675 1352 1728 ἅμα
1387 1679 1468 1720 καὶ
1499 1679 1738 1731 παγκρά-

157 1763 268 1789 τιον
311 1747 351 1787 ἐν
389 1752 440 1799 τῇ
474 1745 695 1800 Ὀλυμπία
738 1745 1120 1795 ἀγωνίσασθαι
1163 1746 1352 1796 ἐθελῆσαι
1385 1749 1460 1789 κάν
1489 1753 1573 1795 τοῖς
1606 1755 1738 1790 Καπι-

156 1815 350 1863 τωλιείοις
384 1815 452 1857 καὶ
480 1813 611 1867 άμφω
647 1819 822 1863 νικῆσαι.
881 1815 933 1856 Οἱ
968 1815 1041 1865 μὲν
1074 1815 1157 1868 γάρ
1181 1819 1331 1858 Ἠλεῖοι
1363 1818 1636 1870 φθονήσαντες
1668 1820 1739 1861 αὐ-

157 1888 212 1939 τῷ
245 1887 326 1936 μὴ,
373 1886 418 1927 τὸ
451 1885 673 1936 λεγόμενον
707 1885 753 1933 δὴ
793 1887 941 1933 τοῦτο,
984 1885 1063 1938 αφ’
1098 1885 1342 1938 Ἡρακλέους
1388 1886 1524 1937 ὄγδοος
1568 1888 1738 1938 γένηται

159 1957 246 1998 οὐδὲ
280 1954 485 1997 ἐκάλεσαν
520 1956 558 2001 ές
593 1955 637 1996 τὸ
670 1953 806 1998 ςάδιον
840 1955 1052 2003 παλαις-ην
1083 1955 1223 1997 οὐδένα
1253 1956 1399 2008 καίπερ
1430 1957 1469 1998 ἐν
1502 1959 1556 2011 τῷ
1589 1959 1739 2000 λευκώ-

160 2042 264 2076 ματι
298 2024 367 2067 καὶ
400 2027 516 2066 τοῦτο
559 2024 604 2065 τὸ
645 2022 817 2074 ἄθλημα
857 2023 1187 2076 προγράψαντες.
1255 2025 1305 2066 Hi
1351 2039 1517 2080 quoque
1547 2027 1741 2076 ἠδίκησαν

161 2095 229 2137 τὸν
262 2093 369 2144 ξένον
405 2098 569 2135 tantum
607 2093 807 2135 bonorem
844 2092 1083 2136 invidentes
1129 2094 1312 2136 Romano
1347 2094 1536 2146 bomini,
1570 2097 1644 2152 qui
1677 2111 1742 2140 eo-

161 2164 258 2206 dem
307 2161 431 2205 modo
479 2167 606 2218 atque
649 2162 843 2205 Socrates
890 2164 965 2205 ὑπὸ
1014 2168 1090 2205 τῶν
1133 2165 1302 2206 Ἠλείων
1347 2166 1665 2218 παρεβραβεύθη
1703 2173 1746 2210 et

161 2234 277 2286 παρα
303 2233 349 2275 τὸ
383 2232 533 2275 δίκαιον
552 2236 621 2275 τοῦ
647 2232 847 2285 βραβειόυ
877 2233 1071 2288 άφηρέθη.
1119 2233 1204 2276 Hoc
1239 2233 1375 2276 solum
1408 2234 1617 2290 flagitium
1650 2243 1746 2292 post

167 2302 410 2345 Philostrati
439 2307 618 2343 mortem
652 2307 945 2358 perpetratum
975 2308 1051 2345 est.
1118 2303 1294 2358 Reliqua
1323 2309 1396 2346 aut
1430 2305 1641 2359 ignoravit
1671 2313 1746 2349 aut

164 2373 304 2414 sciens
338 2371 538 2427 neglexit.
603 2371 734 2414 Multo
778 2371 898 2427 plura
942 2371 1249 2414 eiusdemmodi
1284 2373 1366 2428 ipsi
1409 2374 1594 2418 athletae
1637 2375 1748 2418 desi-

165 2446 434 2496 gnaverunt,
468 2441 595 2483 etiam
632 2440 867 2499 Olympiae.
936 2441 1067 2498 Saepe
1113 2442 1230 2485 fraus
1260 2448 1301 2484 et
1335 2442 1545 2499 flagitiosa
1576 2444 1746 2501 largitio

165 2512 373 2567 deprensa
405 2515 495 2560 est,
530 2511 699 2567 saepius
732 2510 942 2553 occultam
984 2510 1115 2554 fuisse
1154 2511 1367 2568 probabile
1401 2521 1478 2556 est.
1543 2515 1748 2571 Exempla

167 2580 372 2637 quaedam
405 2579 660 2623 adscribam.
726 2580 983 2622 Plutarchus
1018 2581 1060 2622 iu
1094 2581 1289 2639 Lycurgo
1323 2596 1415 2638 cap.
1445 2586 1514 2625 22.
1550 2584 1607 2626 ita
1642 2586 1746 2628 scri-

167 2649 253 2692 bit:
302 2648 409 2702 φασὶ
451 2649 774 2701 Λακεδαιμόνιόν
822 2666 912 2692 τινα
958 2650 1185 2704 χρημάτων
1233 2656 1393 2693 πολλῶν
1426 2653 1466 2694 ἐν
1497 2655 1747 2706 Ὀλυμπίοις

166 2718 375 2771 διδομένων
407 2720 517 2772 αὐτῷ
549 2721 607 2771 μη
643 2719 862 2771 δεξάμενον
901 2721 1016 2763 άλλα
1051 2721 1190 2773 πολλῷ
1224 2720 1328 2774 πόνῳ
1360 2725 1748 2767 καταπαλαίσαντα

168 2789 236 2831 τὸν
268 2789 549 2839 άνταγωνιςην
594 2788 642 2838 ὥς
686 2807 745 2838 τις
794 2788 905 2832 εἶπεν
939 2791 1078 2843 αὐτῷ·
1127 2791 1170 2832 τί
1212 2806 1271 2832 σοι
1305 2790 1454 2841 πλέον,
1498 2791 1525 2834 ὦ
1571 2793 1750 2846 Λάκων,

169 2858 315 2909 ’γέγονε
364 2859 432 2901 δια
476 2865 548 2908 τῆς
593 2860 731 2908 νίκης;
782 2859 913 2914 φάναι
959 2858 1261 2911 μειδιάσαντα·
1311 2861 1384 2913 πρὸ
1431 2864 1502 2903 τοῦ
1543 2861 1750 2912 βασιλέως

173 2928 427 2979 τεταγμένος
461 2932 684 2983 μαχοῦμαι
719 2934 801 2977 τοῖς
850 2931 1070 2982 πολεμίοις.
1133 2927 1381 2986 Olympiade
1416 2929 1594 2973 XCVIII.
1647 2937 1753 2976 teste

1398 3003 1413 3027 ο
