2316 3491
940 200 993 238 85

180 309 258 351 alia
293 308 531 365 complura,
568 311 676 353 unde
714 325 840 368 quam
869 312 950 356 late
981 313 1049 355 illa
1083 313 1213 369 pestis
1245 311 1448 368 serpserit
1481 310 1617 353 facilis
1652 323 1746 352 con-

180 379 341 420 iectura
374 383 450 421 est.

237 447 392 490 Iisdem
425 449 686 504 temporibus
716 451 791 506 ipsi
825 450 911 493 ludi
947 451 1157 509 Olympici
1192 452 1233 493 in
1268 455 1389 493 tanta
1422 449 1623 493 Graeciae
1662 450 1750 491 ino-

180 517 246 572 pia
278 516 559 572 languebant,
601 520 724 561 cuius
762 521 821 561 rei
859 522 1149 563 testimonium
1196 533 1247 562 ex
1286 520 1428 562 Flavio
1473 519 1646 576 Iosepho
1684 532 1751 562 ex-

179 599 368 640 promam
405 592 450 630 ut
481 600 531 629 ex
560 601 607 630 eo
649 595 773 631 vetus
808 589 1010 632 mendum
1052 592 1249 632 eximam.
1316 590 1472 633 Scribit
1506 589 1557 632 (le
1588 588 1752 632 Herode

177 656 327 711 Magno
360 657 401 698 in
436 658 555 700 Anu.
591 657 682 700 Iud.
714 658 822 701 XVI.
861 672 897 701 v.
934 663 987 701 5:
1036 661 1102 702 τὸν
1137 660 1421 710 Ὀλυμπίασιν
1460 661 1604 710 οὲγῶνα
1643 660 1749 702 πολὺ

176 731 248 774 τῆς
292 727 560 780 προσηγορίας
599 727 828 781 ἀδοξότερον
874 729 942 770 ὑπ’
984 730 1255 781 ἀχρηματίας
1288 729 1578 781 διατεθειμένον
1613 729 1749 780 τιμιώ-

175 811 285 847 τερον
326 796 448 838 ἐποίει
487 796 714 849 χρημάτων
753 798 961 850 προσόδους
995 800 1239 848 καταςησας
1280 800 1347 842 καὶ
1389 799 1485 852 πρός
1529 816 1575 841 τε
1608 799 1749 846 θυσίας

176 864 338 908 καὶτὸν
372 864 500 908 ἄλλον
532 866 680 917 κόσμον
723 867 1009 918 ε’σεμνοποίησε
1045 871 1116 918 την
1152 870 1393 922 πανήγυριν.
1459 869 1570 912 Haec
1607 869 1750 911 omnia

176 939 291 977 recte
325 948 368 978 se
399 934 583 985 habent,
627 935 699 978 sed
742 938 893 980 vitium
933 943 996 980 est
1033 939 1073 979 in
1121 951 1209 994 sqq.
1275 939 1359 981 Δια
1400 938 1445 987 δη
1481 939 1636 987 ταύτην
1676 939 1750 988 την

175 1005 418 1058 φιλοτιμίαν
456 1005 703 1054 διηνεκης
746 1007 1084 1057 ἀγωνοθέτης
1119 1008 1232 1061 παρα
1265 1013 1347 1055 τοῖς
1381 1009 1630 1056 πλείςοις
1659 1010 1750 1050 οένε-

174 1074 335 1130 γραφη.
400 1074 604 1117 Iocularis
638 1089 757 1118 error
792 1090 866 1118 nos
899 1076 1145 1119 ludificatur
1173 1078 1214 1119 in
1249 1076 1411 1119 ultimis
1439 1077 1592 1121 verbis.
1628 1077 1751 1133 Apud

175 1159 281 1202 quos
316 1144 484 1187 tandem
519 1151 687 1201 praeter
722 1147 833 1202 ipsos
866 1146 1086 1189 Elidenses
1113 1148 1409 1200 ἀναγραφῆναι
1441 1146 1648 1189 Herodem
1673 1160 1749 1202 pu-

175 1221 239 1257 tas
275 1216 433 1264 διηνεκῆ
464 1215 747 1265 αγωνοθέτηνῗ
799 1215 942 1259 Solent
975 1217 1086 1258 inter
1119 1229 1163 1258 se
1197 1223 1232 1257 H
1263 1220 1304 1258 et
1333 1223 1369 1258 Π
1404 1216 1669 1271 permutari,
1703 1221 1752 1258 ut

173 1284 285 1341 apud
319 1284 642 1327 Demosthenem
677 1299 716 1341 p.
749 1289 890 1337 1454,
928 1289 1009 1336 10,
1044 1284 1116 1327 ubi
1148 1286 1188 1327 in
1219 1285 1339 1328 libris
1370 1291 1460 1328 est:
1494 1287 1634 1339 πολλῷ
1663 1286 1747 1339 γαρ

172 1353 222 1396 ἂν
255 1360 441 1397 πλεῖον
487 1352 578 1407 εἶχε
614 1368 688 1410 pro
721 1354 822 1404 ἥδιον
857 1355 1143 1412 (ΗΔΕΙΟΝ),
1179 1360 1219 1398 et
1260 1369 1298 1411 p.
1333 1358 1472 1406 1448,
1510 1359 1576 1398 19.
1610 1369 1687 1412 pro
1714 1357 1747 1398 οἱ

172 1430 389 1468 πλεῖςοι
425 1428 502 1466 τῶν
544 1427 640 1476 παρ’
668 1425 776 1475 ὑμῶν
815 1425 1066 1467 ἐκπλεόντων
1100 1424 1183 1466 duo
1212 1424 1310 1466 libri
1351 1425 1442 1467 Sine
1468 1438 1597 1468 sensu
1633 1425 1747 1467 exhi-

173 1493 271 1536 bent
306 1495 338 1535 οἱ
373 1494 508 1543 ἤδιςοι.
574 1493 775 1549 Iosephus
813 1494 899 1550 ipse
943 1495 1198 1550 scripserat:
1244 1494 1359 1547 παρα
1397 1500 1479 1542 τοῖς
1516 1496 1746 1543 Ἠλείοις

169 1564 404 1616 ἀνεγράφη.

231 1633 321 1675 Non
364 1632 580 1688 illepidum
631 1632 830 1675 mendum
875 1632 1039 1675 obsidet
1082 1633 1206 1675 verba
1254 1647 1292 1688 p.
1320 1636 1404 1684 82,
1442 1638 1522 1676 1'5:
1571 1635 1664 1682 τοὺς
1706 1636 1747 1678 δὲ

171 1703 348 1750 ὑποίνους
388 1703 523 1754 γαςηρ
566 1719 612 1743 τε
651 1702 883 1754 ἑρμηνεύσει
930 1702 1099 1754 περιττὴ
1137 1702 1205 1744 καὶ
1249 1700 1358 1753 αἷμα
1403 1704 1744 1758 ἱλαρώτερον.

170 1771 378 1827 Equidem
423 1771 625 1813 athletam
659 1771 797 1827 ipsum
841 1770 1082 1813 hilariorem
1123 1784 1215 1814 esse
1252 1785 1370 1827 posse
1405 1772 1618 1825 arbitror,
1663 1788 1747 1817 non

169 1841 352 1884 athletae
384 1841 650 1894 sanguinem.
715 1839 872 1882 Callide
905 1853 949 1883 se
982 1840 1195 1897 expedivit
1229 1841 1444 1897 Interpres
1484 1856 1616 1898 quum
1656 1858 1746 1887 ver-

170 1916 300 1953 teret:
352 1924 433 1952 »un
469 1924 573 1965 sang
605 1910 702 1966 plus
747 1910 854 1966 veTf.''
918 1909 1101 1952 Videant
1144 1911 1407 1971 medicorum
1450 1912 1524 1954 filii
1558 1926 1610 1955 an
1646 1913 1746 1956 Phi-

170 1980 372 2022 lostratus
407 1980 644 2036 lepidiorem
674 1979 927 2035 sanguinem
961 1979 1003 2020 in
1034 1993 1082 2022 ea
1115 1994 1160 2023 re
1200 1987 1346 2024 notare
1385 1983 1593 2037 potuerit,
1628 1997 1746 2026 nam-

170 2063 252 2106 que
295 2050 355 2091 sie
404 2050 486 2092 erit
532 2057 677 2106 parata
725 2048 966 2093 emendatio
1013 2047 1123 2101 αῗμα
1176 2055 1576 2105 χλιαρωτερον,
1633 2053 1763 2109 quod·

170 2119 356 2162 medium
395 2124 458 2162 est
489 2120 602 2163 inter
636 2121 775 2173 θερμὸν
806 2116 915 2170 αἷμα
959 2124 999 2160 et
1032 2116 1141 2170 αἷμα
1179 2121 1354 2174 ψυχρόν.

231 2189 350 2243 Quod
398 2189 547 2232 scribit
592 2190 875 2232 Philostratus
924 2203 962 2245 p.
993 2193 1075 2239 94,
1108 2193 1160 2232 4:
1208 2191 1263 2243 τῷ
1311 2192 1424 2244 αὐλῷ
1470 2193 1742 2246 προεγείρουσι

169 2260 236 2302 τὸν
270 2260 460 2308 πηδῶντα
498 2258 663 2302 duobus
709 2260 946 2301 Pausaniae
988 2259 1091 2302 locis
1131 2260 1434 2303 confirmatur:
1470 2261 1517 2303 V.
1552 2276 1620 2304 vu.
1660 2268 1741 2307 10:

169 2329 310 2371 τούτου
342 2329 382 2371 δὲ
413 2327 533 2371 ἕνεκα
574 2330 642 2372 καὶ
680 2329 725 2371 τὸ
758 2328 934 2380 αὔλημα
977 2330 1021 2371 τὸ
1064 2329 1233 2372 Πυθικόν
1276 2333 1383 2384 φασι
1428 2333 1483 2384 τῷ
1529 2333 1742 2384 πηδήματι

170 2400 465 2452 ἐπεισαχθῆναι
499 2403 576 2442 τῶν
608 2398 842 2442 πεντάθλιον
879 2400 934 2457 (ἐν
968 2399 1203 2456 Ὀλυμπία)
1237 2402 1288 2447 ὡς
1325 2401 1370 2443 τὸ
1414 2402 1489 2452 μὲν
1532 2404 1632 2456 ἱερὸν
1671 2407 1741 2446 τοῦ

170 2468 428 2516 ’Λπόλλωνος
460 2469 505 2511 τὸ
537 2469 713 2520 αὔλημα
743 2469 809 2520 όν,
842 2471 909 2512 τὸν
942 2469 1188 2512 Ἀπόλλωνα
1232 2470 1271 2512 δὲ
1312 2471 1551 2524 οένηρημένον
1583 2475 1742 2524 Ὀλυμ-

168 2539 293 2587 πικοὶς
327 2539 469 2589 νίκας,
502 2544 544 2581 et
576 2539 644 2581 VI.
680 2553 764 2582 xiv.
803 2543 883 2582 10:
933 2540 1040 2588 δῆλα
1072 2540 1112 2582 δὲ
1145 2537 1204 2582 ἔτι
1239 2540 1307 2582 καὶ
1342 2541 1381 2582 ἐν
1416 2542 1469 2594 τῷ
1515 2543 1641 2593 ἀγῶνι
1684 2545 1740 2597 τῷ

168 2608 451 2660 Ὀλυμπίασιν
483 2609 691 2658 ἐπηύλησε
719 2611 774 2663 τῷ
807 2609 1034 2662 πεντάθλῳ.
1099 2610 1323 2664 Πυθοκρίτῳ
1349 2612 1423 2662 μὲν
1450 2612 1619 2664 γέγονεν
1646 2615 1737 2657 οέντὶ

168 2678 318 2721 τούτων
351 2680 372 2727 η
406 2678 445 2719 ἐν
479 2680 698 2733 Ὀλυμπία
731 2679 835 2728 ςηλη
864 2679 932 2721 καὶ
967 2679 1220 2732 ἐπίγραμμα
1252 2681 1316 2722 ἐπ’
1350 2683 1455 2735 αὐτῇ
1478 2697 1486 2705 ·

725 2755 1105 2792 ΠΥΘΟΚΡΙΤΟΎ.

470 2821 537 2860 τοῦ
571 2821 805 2862 καλλινίκου
839 2823 989 2871 μναῖμα
1023 2821 1213 2868 ταύλητᾶν
1244 2819 1348 2861 τόδε.

1367 2894 1382 2917 (5
1406 2889 1424 2908 14
