<?xml version="1.0" encoding="UTF-8"?>
<!DOCTYPE html PUBLIC "-//W3C//DTD XHTML 1.0 Transitional//EN"
    "http://www.w3.org/TR/xhtml1/DTD/xhtml1-transitional.dtd">
<html xmlns="http://www.w3.org/1999/xhtml" xml:lang="en" lang="en">
 <head>
  <title>
</title>
<meta http-equiv="Content-Type" content="text/html;charset=utf-8" />
  <meta name='ocr-system' content='tesseract 3.04.00' />
  <meta name='ocr-capabilities' content='ocr_page ocr_carea ocr_par ocr_line ocrx_word'/>
</head>
<body>
  <div class='ocr_page' id='page_1' title='image "./dephilostratilib00cobeuoft_0031.png"; bbox 0 0 2366 3540; ppageno 0'>
   <div class='ocr_carea' id='block_1_1' title="bbox 195 297 1776 3041">
    <p class='ocr_par' dir='ltr' id='par_1_1' title="bbox 196 297 1775 1848">
     <span class='ocr_line' id='line_1_1' title="bbox 969 297 1023 336; baseline 0.019 -1"><span class='ocrx_word' id='word_1_1' title='bbox 969 297 1023 336; x_wconf 69' lang='lat'>25</span> 
     </span>
     <span class='ocr_line' id='line_1_2' title="bbox 205 406 1773 466; baseline 0.002 -17"><span class='ocrx_word' id='word_1_2' title='bbox 205 409 285 450; x_wconf 85' lang='lat' dir='ltr'>tori</span> <span class='ocrx_word' id='word_1_3' title='bbox 321 408 361 450; x_wconf 90' lang='lat' dir='ltr'>in</span> <span class='ocrx_word' id='word_1_4' title='bbox 396 412 581 451; x_wconf 77' lang='lat' dir='ltr'>mentem</span> <span class='ocrx_word' id='word_1_5' title='bbox 613 409 776 452; x_wconf 90' lang='lat' dir='ltr'>venerit</span> <span class='ocrx_word' id='word_1_6' title='bbox 806 421 937 466; x_wconf 86' lang='lat' dir='ltr'>quum</span> <span class='ocrx_word' id='word_1_7' title='bbox 986 423 1024 465; x_wconf 81' lang='lat' dir='ltr'>p.</span> <span class='ocrx_word' id='word_1_8' title='bbox 1058 411 1142 458; x_wconf 81' lang='lat'>44,</span> <span class='ocrx_word' id='word_1_9' title='bbox 1176 410 1216 451; x_wconf 87' lang='lat'>8.</span> <span class='ocrx_word' id='word_1_10' title='bbox 1266 406 1317 450; x_wconf 86' lang='lat' dir='ltr'>ad</span> <span class='ocrx_word' id='word_1_11' title='bbox 1351 407 1615 459; x_wconf 71' lang='grc' dir='ltr'><em>Ἀγνοείσθων</em></span> <span class='ocrx_word' id='word_1_12' title='bbox 1649 420 1773 464; x_wconf 83' lang='lat' dir='ltr'>appo·</span> 
     </span>
     <span class='ocr_line' id='line_1_3' title="bbox 203 476 1774 536; baseline 0.001 -18"><span class='ocrx_word' id='word_1_13' title='bbox 203 484 344 519; x_wconf 88' lang='lat' dir='ltr'>neret:</span> <span class='ocrx_word' id='word_1_14' title='bbox 394 477 788 536; x_wconf 67' lang='grc' dir='ltr'><em>(ἀγνοείσθωο-ανῗ).</em></span> <span class='ocrx_word' id='word_1_15' title='bbox 863 478 1146 520; x_wconf 72' lang='lat' dir='ltr'>Philostratus</span> <span class='ocrx_word' id='word_1_16' title='bbox 1189 477 1340 533; x_wconf 73' lang='lat' dir='ltr'>ubique</span> <span class='ocrx_word' id='word_1_17' title='bbox 1376 476 1510 520; x_wconf 84' lang='lat' dir='ltr'>forma</span> <span class='ocrx_word' id='word_1_18' title='bbox 1558 476 1686 533; x_wconf 83' lang='lat' dir='ltr'>proba</span> <span class='ocrx_word' id='word_1_19' title='bbox 1732 482 1774 520; x_wconf 83' lang='lat' dir='ltr'>et</span> 
     </span>
     <span class='ocr_line' id='line_1_4' title="bbox 201 545 1771 604; baseline 0.001 -18"><span class='ocrx_word' id='word_1_20' title='bbox 201 545 341 588; x_wconf 86' lang='lat' dir='ltr'>Attica</span> <span class='ocrx_word' id='word_1_21' title='bbox 370 549 532 598; x_wconf 88' lang='lat' dir='ltr'>utitur,</span> <span class='ocrx_word' id='word_1_22' title='bbox 566 562 673 604; x_wconf 83' lang='lat' dir='ltr'>quae</span> <span class='ocrx_word' id='word_1_23' title='bbox 708 547 1050 604; x_wconf 71' lang='lat' dir='ltr'>frequentissime</span> <span class='ocrx_word' id='word_1_24' title='bbox 1082 549 1124 590; x_wconf 92' lang='lat' dir='ltr'>in</span> <span class='ocrx_word' id='word_1_25' title='bbox 1153 547 1229 589; x_wconf 89' lang='lat' dir='ltr'>hoc</span> <span class='ocrx_word' id='word_1_26' title='bbox 1263 546 1370 589; x_wconf 89' lang='lat' dir='ltr'>libro</span> <span class='ocrx_word' id='word_1_27' title='bbox 1403 548 1610 597; x_wconf 77' lang='lat' dir='ltr'>recurrit,</span> <span class='ocrx_word' id='word_1_28' title='bbox 1644 547 1771 589; x_wconf 86' lang='lat' dir='ltr'>etiam</span> 
     </span>
     <span class='ocr_line' id='line_1_5' title="bbox 201 615 1773 672; baseline 0.002 -17"><span class='ocrx_word' id='word_1_29' title='bbox 201 615 244 655; x_wconf 89' lang='lat' dir='ltr'>in</span> <span class='ocrx_word' id='word_1_30' title='bbox 279 615 566 671; x_wconf 78' lang='lat' dir='ltr'>perfectorum</span> <span class='ocrx_word' id='word_1_31' title='bbox 601 617 775 667; x_wconf 79' lang='lat' dir='ltr'>formis,</span> <span class='ocrx_word' id='word_1_32' title='bbox 809 617 937 659; x_wconf 90' lang='lat' dir='ltr'>veluti</span> <span class='ocrx_word' id='word_1_33' title='bbox 979 631 1014 672; x_wconf 89' lang='lat' dir='ltr'>p.</span> <span class='ocrx_word' id='word_1_34' title='bbox 1038 619 1121 667; x_wconf 76' lang='lat'>52,</span> <span class='ocrx_word' id='word_1_35' title='bbox 1159 619 1237 658; x_wconf 83' lang='lat'>18:</span> <span class='ocrx_word' id='word_1_36' title='bbox 1271 617 1470 667; x_wconf 74' lang='grc' dir='ltr'><em>ἀγωνιςαὶ</em></span> <span class='ocrx_word' id='word_1_37' title='bbox 1504 633 1773 658; x_wconf 85' lang='grc' dir='ltr'><em>κατεσκευ-</em></span> 
     </span>
     <span class='ocr_line' id='line_1_6' title="bbox 201 683 1773 741; baseline 0.001 -16"><span class='ocrx_word' id='word_1_38' title='bbox 201 683 361 726; x_wconf 85' lang='grc' dir='ltr'><em>ἀσθων</em></span> <span class='ocrx_word' id='word_1_39' title='bbox 409 691 450 727; x_wconf 83' lang='lat' dir='ltr'>et</span> <span class='ocrx_word' id='word_1_40' title='bbox 498 692 591 741; x_wconf 82' lang='lat' dir='ltr'>post</span> <span class='ocrx_word' id='word_1_41' title='bbox 640 699 800 741; x_wconf 86' lang='lat' dir='ltr'>pauca:</span> <span class='ocrx_word' id='word_1_42' title='bbox 848 686 1048 738; x_wconf 70' lang='grc' dir='ltr'><em>ἀριςίνδην</em></span> <span class='ocrx_word' id='word_1_43' title='bbox 1094 684 1470 737; x_wconf 74' lang='grc' dir='ltr'><strong><em>συντετάχθων.</em></strong></span> <span class='ocrx_word' id='word_1_44' title='bbox 1547 685 1616 727; x_wconf 83' lang='lat' dir='ltr'>Sic</span> <span class='ocrx_word' id='word_1_45' title='bbox 1664 685 1773 728; x_wconf 86' lang='lat' dir='ltr'>dixit</span> 
     </span>
     <span class='ocr_line' id='line_1_7' title="bbox 200 754 1774 810; baseline 0.001 -14"><span class='ocrx_word' id='word_1_46' title='bbox 200 767 240 809; x_wconf 88' lang='lat' dir='ltr'>p.</span> <span class='ocrx_word' id='word_1_47' title='bbox 271 757 352 804; x_wconf 83' lang='lat'>86,</span> <span class='ocrx_word' id='word_1_48' title='bbox 388 758 437 797; x_wconf 87' lang='lat'>7:</span> <span class='ocrx_word' id='word_1_49' title='bbox 484 755 864 808; x_wconf 78' lang='grc' dir='ltr'><em>ἀκροχειριζέσθων,</em></span> <span class='ocrx_word' id='word_1_50' title='bbox 910 760 951 797; x_wconf 80' lang='lat' dir='ltr'>et</span> <span class='ocrx_word' id='word_1_51' title='bbox 982 760 1075 810; x_wconf 80' lang='lat' dir='ltr'>post</span> <span class='ocrx_word' id='word_1_52' title='bbox 1106 767 1265 810; x_wconf 85' lang='lat' dir='ltr'>pauca:</span> <span class='ocrx_word' id='word_1_53' title='bbox 1310 755 1342 795; x_wconf 82' lang='grc' dir='ltr'>εἶ</span> <span class='ocrx_word' id='word_1_54' title='bbox 1372 754 1412 796; x_wconf 79' lang='grc' dir='ltr'>δὲ</span> <span class='ocrx_word' id='word_1_55' title='bbox 1445 754 1609 804; x_wconf 71' lang='grc' dir='ltr'><em>ἀνάγκη</em></span> <span class='ocrx_word' id='word_1_56' title='bbox 1641 756 1774 798; x_wconf 85' lang='grc' dir='ltr'><em>κυλίε-</em></span> 
     </span>
     <span class='ocr_line' id='line_1_8' title="bbox 199 823 1774 880; baseline 0.001 -16"><span class='ocrx_word' id='word_1_57' title='bbox 199 824 290 865; x_wconf 85' lang='grc' dir='ltr'><em>σθαι</em></span> <span class='ocrx_word' id='word_1_58' title='bbox 341 823 653 866; x_wconf 80' lang='grc' dir='ltr'><em>κυλιέσθων.</em></span> <span class='ocrx_word' id='word_1_59' title='bbox 710 829 751 866; x_wconf 80' lang='lat' dir='ltr'>et</span> <span class='ocrx_word' id='word_1_60' title='bbox 804 838 843 880; x_wconf 91' lang='lat' dir='ltr'>p.</span> <span class='ocrx_word' id='word_1_61' title='bbox 876 826 962 872; x_wconf 85' lang='lat'>88,</span> <span class='ocrx_word' id='word_1_62' title='bbox 1007 827 1060 866; x_wconf 84' lang='lat'>8:</span> <span class='ocrx_word' id='word_1_63' title='bbox 1111 824 1207 876; x_wconf 79' lang='grc' dir='ltr'><em>ὑπὲρ</em></span> <span class='ocrx_word' id='word_1_64' title='bbox 1266 824 1468 871; x_wconf 79' lang='grc' dir='ltr'><em>νουθεσίας</em></span> <span class='ocrx_word' id='word_1_65' title='bbox 1526 824 1774 876; x_wconf 68' lang='grc' dir='ltr'>γυμναζέ·</span> 
     </span>
     <span class='ocr_line' id='line_1_9' title="bbox 199 891 1774 949; baseline 0.003 -16"><span class='ocrx_word' id='word_1_66' title='bbox 199 893 350 942; x_wconf 85' lang='grc' dir='ltr'><em>σθων,</em></span> <span class='ocrx_word' id='word_1_67' title='bbox 383 898 424 934; x_wconf 88' lang='lat' dir='ltr'>et</span> <span class='ocrx_word' id='word_1_68' title='bbox 461 892 556 934; x_wconf 90' lang='lat' dir='ltr'>aliis</span> <span class='ocrx_word' id='word_1_69' title='bbox 589 892 706 935; x_wconf 90' lang='lat' dir='ltr'>locis.</span> <span class='ocrx_word' id='word_1_70' title='bbox 773 891 919 935; x_wconf 88' lang='lat' dir='ltr'>Obiter</span> <span class='ocrx_word' id='word_1_71' title='bbox 950 893 1128 936; x_wconf 89' lang='lat' dir='ltr'>emenda</span> <span class='ocrx_word' id='word_1_72' title='bbox 1162 907 1202 949; x_wconf 90' lang='lat' dir='ltr'>p.</span> <span class='ocrx_word' id='word_1_73' title='bbox 1239 896 1320 943; x_wconf 88' lang='lat'>70,</span> <span class='ocrx_word' id='word_1_74' title='bbox 1358 897 1437 936; x_wconf 85' lang='lat'>15:</span> <span class='ocrx_word' id='word_1_75' title='bbox 1471 898 1610 936; x_wconf 79' lang='grc' dir='ltr'><em>ταῦτα</em></span> <span class='ocrx_word' id='word_1_76' title='bbox 1652 895 1774 946; x_wconf 77' lang='grc' dir='ltr'><em>εἰρή-</em></span> 
     </span>
     <span class='ocr_line' id='line_1_10' title="bbox 199 961 1774 1016; baseline 0.002 -13"><span class='ocrx_word' id='word_1_77' title='bbox 199 963 327 1004; x_wconf 81' lang='grc' dir='ltr'><em>σθων</em></span> <span class='ocrx_word' id='word_1_78' title='bbox 368 962 446 1004; x_wconf 79' lang='grc' dir='ltr'><em>νυνὶ</em></span> <span class='ocrx_word' id='word_1_79' title='bbox 489 961 576 1014; x_wconf 75' lang='grc' dir='ltr'><em>περὶ</em></span> <span class='ocrx_word' id='word_1_80' title='bbox 623 962 830 1015; x_wconf 82' lang='grc' dir='ltr'><em>κράσεως,</em></span> <span class='ocrx_word' id='word_1_81' title='bbox 873 963 960 1005; x_wconf 86' lang='lat' dir='ltr'>imo</span> <span class='ocrx_word' id='word_1_82' title='bbox 1000 977 1098 1005; x_wconf 81' lang='lat' dir='ltr'>vero</span> <span class='ocrx_word' id='word_1_83' title='bbox 1123 964 1300 1016; x_wconf 74' lang='grc' dir='ltr'><em>εἰρήσθω.</em></span> <span class='ocrx_word' id='word_1_84' title='bbox 1366 963 1507 1006; x_wconf 81' lang='lat' dir='ltr'>Etiam</span> <span class='ocrx_word' id='word_1_85' title='bbox 1541 965 1581 1005; x_wconf 90' lang='lat' dir='ltr'>in</span> <span class='ocrx_word' id='word_1_86' title='bbox 1622 964 1774 1006; x_wconf 81' lang='lat' dir='ltr'>activis</span> 
     </span>
     <span class='ocr_line' id='line_1_11' title="bbox 198 1031 1773 1088; baseline 0.001 -15"><span class='ocrx_word' id='word_1_87' title='bbox 198 1031 484 1073; x_wconf 77' lang='lat' dir='ltr'>Philostratus</span> <span class='ocrx_word' id='word_1_88' title='bbox 526 1033 692 1075; x_wconf 87' lang='lat' dir='ltr'>nonnisi</span> <span class='ocrx_word' id='word_1_89' title='bbox 742 1031 883 1088; x_wconf 82' lang='lat' dir='ltr'>probis</span> <span class='ocrx_word' id='word_1_90' title='bbox 927 1032 1074 1076; x_wconf 88' lang='lat' dir='ltr'>formis</span> <span class='ocrx_word' id='word_1_91' title='bbox 1113 1034 1251 1075; x_wconf 81' lang='lat' dir='ltr'>utitur</span> <span class='ocrx_word' id='word_1_92' title='bbox 1294 1032 1335 1074; x_wconf 92' lang='lat' dir='ltr'>in</span> <span class='ocrx_word' id='word_1_93' title='bbox 1369 1033 1506 1075; x_wconf 81' lang='grc' dir='ltr'><em>-όντων</em></span> <span class='ocrx_word' id='word_1_94' title='bbox 1540 1039 1582 1075; x_wconf 91' lang='lat' dir='ltr'>et</span> <span class='ocrx_word' id='word_1_95' title='bbox 1625 1033 1773 1075; x_wconf 86' lang='grc' dir='ltr'><em>-ἀντων</em></span> 
     </span>
     <span class='ocr_line' id='line_1_12' title="bbox 199 1100 1773 1158; baseline 0.001 -16"><span class='ocrx_word' id='word_1_96' title='bbox 199 1101 471 1143; x_wconf 79' lang='lat' dir='ltr'>exeuntibus,</span> <span class='ocrx_word' id='word_1_97' title='bbox 539 1100 619 1143; x_wconf 90' lang='lat' dir='ltr'>Sed</span> <span class='ocrx_word' id='word_1_98' title='bbox 650 1102 799 1158; x_wconf 83' lang='lat' dir='ltr'>Mynae</span> <span class='ocrx_word' id='word_1_99' title='bbox 831 1102 1022 1144; x_wconf 85' lang='lat' dir='ltr'>socordia</span> <span class='ocrx_word' id='word_1_100' title='bbox 1056 1103 1228 1158; x_wconf 84' lang='lat' dir='ltr'>irrepsit</span> <span class='ocrx_word' id='word_1_101' title='bbox 1264 1101 1362 1147; x_wconf 80' lang='grc' dir='ltr'><em>ἕςων</em></span> <span class='ocrx_word' id='word_1_102' title='bbox 1396 1116 1434 1157; x_wconf 90' lang='lat' dir='ltr'>p.</span> <span class='ocrx_word' id='word_1_103' title='bbox 1461 1106 1540 1152; x_wconf 79' lang='lat'>51,</span> <span class='ocrx_word' id='word_1_104' title='bbox 1574 1104 1624 1144; x_wconf 88' lang='lat'>6:</span> <span class='ocrx_word' id='word_1_105' title='bbox 1669 1109 1773 1154; x_wconf 88' lang='grc' dir='ltr'><em>Καρ-</em></span> 
     </span>
     <span class='ocr_line' id='line_1_13' title="bbox 198 1171 1772 1224; baseline -0.001 -11"><span class='ocrx_word' id='word_1_106' title='bbox 198 1172 264 1213; x_wconf 64' lang='lat' dir='ltr'>oro}</span> <span class='ocrx_word' id='word_1_107' title='bbox 295 1171 336 1213; x_wconf 80' lang='grc' dir='ltr'>δὲ</span> <span class='ocrx_word' id='word_1_108' title='bbox 371 1173 539 1224; x_wconf 74' lang='grc' dir='ltr'><em>πήχεων</em></span> <span class='ocrx_word' id='word_1_109' title='bbox 571 1172 604 1212; x_wconf 86' lang='grc' dir='ltr'>οἱ</span> <span class='ocrx_word' id='word_1_110' title='bbox 636 1171 711 1221; x_wconf 78' lang='grc' dir='ltr'>μὲν</span> <span class='ocrx_word' id='word_1_111' title='bbox 751 1172 896 1223; x_wconf 80' lang='grc' dir='ltr'><em>βαρεῖς</em></span> <span class='ocrx_word' id='word_1_112' title='bbox 939 1173 1151 1224; x_wconf 78' lang='grc' dir='ltr'><em>βαρύτεροι</em></span> <span class='ocrx_word' id='word_1_113' title='bbox 1193 1171 1309 1215; x_wconf 81' lang='grc' dir='ltr'><em>ἕςων</em></span> <span class='ocrx_word' id='word_1_114' title='bbox 1354 1171 1577 1221; x_wconf 74' lang='grc' dir='ltr'><em>πλήττειν,</em></span> <span class='ocrx_word' id='word_1_115' title='bbox 1621 1171 1666 1212; x_wconf 88' lang='lat' dir='ltr'>in</span> <span class='ocrx_word' id='word_1_116' title='bbox 1698 1171 1772 1213; x_wconf 91' lang='lat' dir='ltr'>Co-</span> 
     </span>
     <span class='ocr_line' id='line_1_14' title="bbox 199 1239 1772 1296; baseline 0.002 -16"><span class='ocrx_word' id='word_1_117' title='bbox 199 1239 292 1282; x_wconf 86' lang='lat' dir='ltr'>dice</span> <span class='ocrx_word' id='word_1_118' title='bbox 336 1241 485 1295; x_wconf 83' lang='lat' dir='ltr'>opinor</span> <span class='ocrx_word' id='word_1_119' title='bbox 517 1239 743 1295; x_wconf 77' lang='lat' dir='ltr'>aliquando</span> <span class='ocrx_word' id='word_1_120' title='bbox 788 1246 1007 1296; x_wconf 86' lang='lat' dir='ltr'>repertum</span> <span class='ocrx_word' id='word_1_121' title='bbox 1045 1242 1096 1283; x_wconf 90' lang='lat' dir='ltr'>iri</span> <span class='ocrx_word' id='word_1_122' title='bbox 1130 1240 1342 1293; x_wconf 72' lang='grc' dir='ltr'><em>βαρύτεροι</em></span> <span class='ocrx_word' id='word_1_123' title='bbox 1377 1241 1425 1288; x_wconf 80' lang='grc' dir='ltr'>ἐς</span> <span class='ocrx_word' id='word_1_124' title='bbox 1462 1240 1518 1282; x_wconf 80' lang='grc' dir='ltr'><em>τὸ</em></span> <span class='ocrx_word' id='word_1_125' title='bbox 1558 1241 1772 1289; x_wconf 75' lang='grc' dir='ltr'><em>πλήττειν.</em></span> 
     </span>
     <span class='ocr_line' id='line_1_15' title="bbox 197 1309 1773 1366; baseline 0.002 -16"><span class='ocrx_word' id='word_1_126' title='bbox 197 1309 348 1366; x_wconf 80' lang='lat' dir='ltr'>Mynae</span> <span class='ocrx_word' id='word_1_127' title='bbox 381 1310 421 1350; x_wconf 93' lang='lat' dir='ltr'>in</span> <span class='ocrx_word' id='word_1_128' title='bbox 462 1309 538 1351; x_wconf 92' lang='lat' dir='ltr'>hoc</span> <span class='ocrx_word' id='word_1_129' title='bbox 573 1323 727 1364; x_wconf 85' lang='lat' dir='ltr'>genere</span> <span class='ocrx_word' id='word_1_130' title='bbox 760 1315 802 1352; x_wconf 91' lang='lat' dir='ltr'>et</span> <span class='ocrx_word' id='word_1_131' title='bbox 835 1310 905 1352; x_wconf 88' lang='lat' dir='ltr'>alii</span> <span class='ocrx_word' id='word_1_132' title='bbox 939 1323 1104 1353; x_wconf 87' lang='lat' dir='ltr'>errores</span> <span class='ocrx_word' id='word_1_133' title='bbox 1149 1316 1248 1352; x_wconf 88' lang='lat' dir='ltr'>sunt</span> <span class='ocrx_word' id='word_1_134' title='bbox 1281 1315 1323 1352; x_wconf 85' lang='lat' dir='ltr'>et</span> <span class='ocrx_word' id='word_1_135' title='bbox 1363 1323 1402 1365; x_wconf 88' lang='lat' dir='ltr'>p.</span> <span class='ocrx_word' id='word_1_136' title='bbox 1438 1312 1520 1360; x_wconf 74' lang='lat'>⁶24,</span> <span class='ocrx_word' id='word_1_137' title='bbox 1554 1313 1594 1352; x_wconf 89' lang='grc'>9.</span> <span class='ocrx_word' id='word_1_138' title='bbox 1643 1311 1773 1359; x_wconf 74' lang='grc' dir='ltr'><em>δοκείη</em></span> 
     </span>
     <span class='ocr_line' id='line_1_16' title="bbox 198 1378 1774 1435; baseline 0.001 -14"><span class='ocrx_word' id='word_1_139' title='bbox 198 1384 239 1422; x_wconf 82' lang='lat' dir='ltr'>et</span> <span class='ocrx_word' id='word_1_140' title='bbox 270 1378 321 1420; x_wconf 84' lang='lat' dir='ltr'>ad</span> <span class='ocrx_word' id='word_1_141' title='bbox 357 1392 396 1434; x_wconf 93' lang='lat' dir='ltr'>p.</span> <span class='ocrx_word' id='word_1_142' title='bbox 428 1382 509 1430; x_wconf 78' lang='lat'>56,</span> <span class='ocrx_word' id='word_1_143' title='bbox 547 1383 616 1420; x_wconf 92' lang='grc'>17.</span> <span class='ocrx_word' id='word_1_144' title='bbox 659 1381 851 1421; x_wconf 70' lang='grc' dir='ltr'><em>κατιᾶσιν</em></span> <span class='ocrx_word' id='word_1_145' title='bbox 884 1385 925 1422; x_wconf 84' lang='lat' dir='ltr'>et.</span> <span class='ocrx_word' id='word_1_146' title='bbox 957 1380 1081 1434; x_wconf 76' lang='grc' dir='ltr'><em>ἰσχὺν</em></span> <span class='ocrx_word' id='word_1_147' title='bbox 1127 1379 1383 1433; x_wconf 76' lang='grc' dir='ltr'><em>ἄρνυνται</em></span> <span class='ocrx_word' id='word_1_148' title='bbox 1430 1379 1472 1421; x_wconf 90' lang='lat' dir='ltr'>in</span> <span class='ocrx_word' id='word_1_149' title='bbox 1508 1379 1774 1435; x_wconf 84' lang='lat' dir='ltr'>supplemen-</span> 
     </span>
     <span class='ocr_line' id='line_1_17' title="bbox 198 1448 1773 1505; baseline 0.001 -15"><span class='ocrx_word' id='word_1_150' title='bbox 198 1453 269 1499; x_wconf 90' lang='lat' dir='ltr'>to,</span> <span class='ocrx_word' id='word_1_151' title='bbox 314 1449 425 1503; x_wconf 77' lang='lat' dir='ltr'>quod</span> <span class='ocrx_word' id='word_1_152' title='bbox 466 1448 517 1490; x_wconf 87' lang='lat' dir='ltr'>de</span> <span class='ocrx_word' id='word_1_153' title='bbox 550 1461 626 1490; x_wconf 91' lang='lat' dir='ltr'>suo</span> <span class='ocrx_word' id='word_1_154' title='bbox 657 1455 924 1492; x_wconf 88' lang='lat' dir='ltr'>commentus</span> <span class='ocrx_word' id='word_1_155' title='bbox 966 1455 1044 1492; x_wconf 89' lang='lat' dir='ltr'>est.</span> <span class='ocrx_word' id='word_1_156' title='bbox 1108 1450 1246 1505; x_wconf 89' lang='lat' dir='ltr'>Ipsius</span> <span class='ocrx_word' id='word_1_157' title='bbox 1288 1449 1477 1492; x_wconf 90' lang='lat' dir='ltr'>Editoris</span> <span class='ocrx_word' id='word_1_158' title='bbox 1521 1463 1655 1492; x_wconf 87' lang='lat' dir='ltr'>unum</span> <span class='ocrx_word' id='word_1_159' title='bbox 1704 1450 1773 1492; x_wconf 87' lang='lat' dir='ltr'>ad-</span> 
     </span>
     <span class='ocr_line' id='line_1_18' title="bbox 197 1516 1773 1573; baseline 0.003 -14"><span class='ocrx_word' id='word_1_160' title='bbox 197 1516 311 1559; x_wconf 85' lang='lat' dir='ltr'>dam.</span> <span class='ocrx_word' id='word_1_161' title='bbox 376 1517 552 1572; x_wconf 84' lang='lat' dir='ltr'>Legitur</span> <span class='ocrx_word' id='word_1_162' title='bbox 600 1531 638 1573; x_wconf 87' lang='lat' dir='ltr'>p.</span> <span class='ocrx_word' id='word_1_163' title='bbox 670 1521 752 1562; x_wconf 85' lang='lat'>56:</span> <span class='ocrx_word' id='word_1_164' title='bbox 787 1520 855 1562; x_wconf 73' lang='grc' dir='ltr'><em>τὸν</em></span> <span class='ocrx_word' id='word_1_165' title='bbox 889 1519 968 1561; x_wconf 82' lang='grc' dir='ltr'><em>υἱὸν</em></span> <span class='ocrx_word' id='word_1_166' title='bbox 999 1520 1033 1562; x_wconf 81' lang='grc' dir='ltr'>εἰ</span> <span class='ocrx_word' id='word_1_167' title='bbox 1065 1520 1139 1570; x_wconf 78' lang='grc' dir='ltr'>μὲν</span> <span class='ocrx_word' id='word_1_168' title='bbox 1171 1520 1371 1561; x_wconf 80' lang='grc' dir='ltr'><em>τεθνεῶτα</em></span> <span class='ocrx_word' id='word_1_169' title='bbox 1403 1520 1664 1563; x_wconf 84' lang='grc' dir='ltr'><em>ἀκούσεαι</em></span> <span class='ocrx_word' id='word_1_170' title='bbox 1708 1521 1773 1564; x_wconf 79' lang='grc' dir='ltr'>πί-</span> 
     </span>
     <span class='ocr_line' id='line_1_19' title="bbox 196 1587 1775 1639; baseline 0.003 -11"><span class='ocrx_word' id='word_1_171' title='bbox 196 1603 367 1637; x_wconf 80' lang='grc' dir='ltr'><em>ςευσον,</em></span> <span class='ocrx_word' id='word_1_172' title='bbox 410 1588 443 1629; x_wconf 82' lang='grc' dir='ltr'>εἷ</span> <span class='ocrx_word' id='word_1_173' title='bbox 478 1588 518 1629; x_wconf 81' lang='grc' dir='ltr'>δὲ</span> <span class='ocrx_word' id='word_1_174' title='bbox 548 1587 775 1638; x_wconf 73' lang='grc' dir='ltr'><em>ἡττώμενον</em></span> <span class='ocrx_word' id='word_1_175' title='bbox 810 1589 964 1633; x_wconf 81' lang='grc' dir='ltr'><em>ἀπίςει.</em></span> <span class='ocrx_word' id='word_1_176' title='bbox 1030 1589 1116 1630; x_wconf 80' lang='lat' dir='ltr'>Hoc</span> <span class='ocrx_word' id='word_1_177' title='bbox 1163 1601 1261 1631; x_wconf 79' lang='lat' dir='ltr'>vero</span> <span class='ocrx_word' id='word_1_178' title='bbox 1307 1594 1398 1639; x_wconf 86' lang='lat' dir='ltr'>est,</span> <span class='ocrx_word' id='word_1_179' title='bbox 1446 1595 1492 1632; x_wconf 86' lang='lat' dir='ltr'>ut</span> <span class='ocrx_word' id='word_1_180' title='bbox 1535 1590 1684 1632; x_wconf 81' lang='lat' dir='ltr'>Graeci</span> <span class='ocrx_word' id='word_1_181' title='bbox 1716 1590 1775 1631; x_wconf 84' lang='lat' dir='ltr'>io·</span> 
     </span>
     <span class='ocr_line' id='line_1_20' title="bbox 197 1657 1773 1709; baseline 0.003 -11"><span class='ocrx_word' id='word_1_182' title='bbox 197 1661 376 1706; x_wconf 87' lang='lat' dir='ltr'>cantur,</span> <span class='ocrx_word' id='word_1_183' title='bbox 407 1658 456 1704; x_wconf 80' lang='grc' dir='ltr'>ὡς</span> <span class='ocrx_word' id='word_1_184' title='bbox 490 1657 556 1698; x_wconf 70' lang='grc' dir='ltr'>ἐπ’</span> <span class='ocrx_word' id='word_1_185' title='bbox 590 1657 901 1708; x_wconf 74' lang='grc' dir='ltr'><em>Ἀγαμέμνονος</em></span> <span class='ocrx_word' id='word_1_186' title='bbox 941 1657 1220 1709; x_wconf 70' lang='grc' dir='ltr'><em>διαλέγεσθαι.</em></span> <span class='ocrx_word' id='word_1_187' title='bbox 1285 1658 1467 1701; x_wconf 87' lang='lat' dir='ltr'>Homero</span> <span class='ocrx_word' id='word_1_188' title='bbox 1512 1660 1581 1702; x_wconf 94' lang='lat' dir='ltr'>ius</span> <span class='ocrx_word' id='word_1_189' title='bbox 1613 1666 1676 1703; x_wconf 91' lang='lat' dir='ltr'>est</span> <span class='ocrx_word' id='word_1_190' title='bbox 1713 1659 1773 1703; x_wconf 89' lang='lat' dir='ltr'>di·</span> 
     </span>
     <span class='ocr_line' id='line_1_21' title="bbox 199 1739 321 1769; baseline 0 -1"><span class='ocrx_word' id='word_1_191' title='bbox 199 1739 321 1769; x_wconf 87' lang='lat' dir='ltr'>cere:</span> 
     </span>
     <span class='ocr_line' id='line_1_22' title="bbox 375 1795 1527 1848; baseline 0.003 -10"><span class='ocrx_word' id='word_1_192' title='bbox 375 1799 515 1838; x_wconf 72' lang='grc' dir='ltr'><em>ταῦτα</em></span> <span class='ocrx_word' id='word_1_193' title='bbox 547 1797 587 1839; x_wconf 78' lang='grc' dir='ltr'>δὲ</span> <span class='ocrx_word' id='word_1_194' title='bbox 620 1795 688 1839; x_wconf 71' lang='grc' dir='ltr'>καὶ</span> <span class='ocrx_word' id='word_1_195' title='bbox 723 1796 836 1848; x_wconf 75' lang='grc' dir='ltr'><em>μετα</em></span> <span class='ocrx_word' id='word_1_196' title='bbox 868 1799 996 1840; x_wconf 67' lang='grc' dir='ltr'><em>’γι-οἶσιν</em></span> <span class='ocrx_word' id='word_1_197' title='bbox 1027 1797 1222 1841; x_wconf 87' lang='grc' dir='ltr'><em>ἀκούσεαι</em></span> <span class='ocrx_word' id='word_1_198' title='bbox 1254 1796 1527 1841; x_wconf 82' lang='grc' dir='ltr'><em>ἀθανάτοισιν.</em></span> 
     </span>
    </p>

    <p class='ocr_par' dir='ltr' id='par_1_2' title="bbox 196 1864 1776 2064">
     <span class='ocr_line' id='line_1_23' title="bbox 254 1864 1774 1922; baseline 0.004 -15"><span class='ocrx_word' id='word_1_199' title='bbox 254 1864 540 1917; x_wconf 83' lang='lat' dir='ltr'>Philostrato,</span> <span class='ocrx_word' id='word_1_200' title='bbox 583 1873 631 1909; x_wconf 87' lang='lat' dir='ltr'>ut</span> <span class='ocrx_word' id='word_1_201' title='bbox 666 1867 844 1922; x_wconf 88' lang='lat' dir='ltr'>opinor,</span> <span class='ocrx_word' id='word_1_202' title='bbox 878 1881 959 1909; x_wconf 91' lang='lat' dir='ltr'>non</span> <span class='ocrx_word' id='word_1_203' title='bbox 1005 1867 1134 1917; x_wconf 83' lang='lat' dir='ltr'>lieet,</span> <span class='ocrx_word' id='word_1_204' title='bbox 1185 1868 1254 1909; x_wconf 88' lang='lat' dir='ltr'>cui</span> <span class='ocrx_word' id='word_1_205' title='bbox 1293 1868 1458 1910; x_wconf 76' lang='grc' dir='ltr'><em>ἀκούσει</em></span> <span class='ocrx_word' id='word_1_206' title='bbox 1498 1874 1589 1911; x_wconf 87' lang='lat' dir='ltr'>erat</span> <span class='ocrx_word' id='word_1_207' title='bbox 1629 1869 1774 1913; x_wconf 88' lang='lat' dir='ltr'>dicen-</span> 
     </span>
     <span class='ocr_line' id='line_1_24' title="bbox 196 1935 1776 1991; baseline 0.004 -13"><span class='ocrx_word' id='word_1_208' title='bbox 196 1935 313 1978; x_wconf 87' lang='lat' dir='ltr'>dum.</span> <span class='ocrx_word' id='word_1_209' title='bbox 378 1937 535 1980; x_wconf 78' lang='lat' dir='ltr'>Taedet</span> <span class='ocrx_word' id='word_1_210' title='bbox 567 1937 655 1980; x_wconf 81' lang='lat' dir='ltr'>sere</span> <span class='ocrx_word' id='word_1_211' title='bbox 692 1937 791 1980; x_wconf 90' lang='lat' dir='ltr'>talia</span> <span class='ocrx_word' id='word_1_212' title='bbox 825 1937 1026 1981; x_wconf 83' lang='lat' dir='ltr'>refutare.</span> <span class='ocrx_word' id='word_1_213' title='bbox 1091 1938 1226 1991; x_wconf 85' lang='lat' dir='ltr'>Quam</span> <span class='ocrx_word' id='word_1_214' title='bbox 1258 1938 1366 1980; x_wconf 90' lang='lat' dir='ltr'>nihil</span> <span class='ocrx_word' id='word_1_215' title='bbox 1409 1939 1519 1981; x_wconf 85' lang='lat' dir='ltr'>scire</span> <span class='ocrx_word' id='word_1_216' title='bbox 1559 1939 1776 1983; x_wconf 83' lang='lat' dir='ltr'>videretur</span> 
     </span>
     <span class='ocr_line' id='line_1_25' title="bbox 197 2006 1320 2064; baseline 0.003 -17"><span class='ocrx_word' id='word_1_217' title='bbox 197 2006 279 2048; x_wconf 91' lang='lat' dir='ltr'>tiro</span> <span class='ocrx_word' id='word_1_218' title='bbox 312 2007 384 2062; x_wconf 86' lang='lat' dir='ltr'>qui</span> <span class='ocrx_word' id='word_1_219' title='bbox 418 2007 499 2049; x_wconf 87' lang='lat' dir='ltr'>ista</span> <span class='ocrx_word' id='word_1_220' title='bbox 533 2007 835 2058; x_wconf 76' lang='lat' dir='ltr'>confunderet,</span> <span class='ocrx_word' id='word_1_221' title='bbox 868 2008 978 2063; x_wconf 80' lang='lat' dir='ltr'>apud</span> <span class='ocrx_word' id='word_1_222' title='bbox 1014 2021 1090 2051; x_wconf 89' lang='lat' dir='ltr'>nos</span> <span class='ocrx_word' id='word_1_223' title='bbox 1121 2008 1320 2064; x_wconf 88' lang='lat' dir='ltr'>quidem:</span> 
     </span>
    </p>

    <p class='ocr_par' dir='ltr' id='par_1_3' title="bbox 556 2077 1273 2133">
     <span class='ocr_line' id='line_1_26' title="bbox 556 2077 1273 2133; baseline 0.001 -15"><span class='ocrx_word' id='word_1_224' title='bbox 556 2078 627 2133; x_wconf 76' lang='lat' dir='ltr'>qui</span> <span class='ocrx_word' id='word_1_225' title='bbox 659 2077 800 2119; x_wconf 80' lang='lat' dir='ltr'>Musas</span> <span class='ocrx_word' id='word_1_226' title='bbox 833 2077 1006 2119; x_wconf 71' lang='lat' dir='ltr'>colimus</span> <span class='ocrx_word' id='word_1_227' title='bbox 1037 2079 1273 2120; x_wconf 75' lang='lat' dir='ltr'>severiores.</span> 
     </span>
    </p>

    <p class='ocr_par' dir='ltr' id='par_1_4' title="bbox 195 2145 1776 3041">
     <span class='ocr_line' id='line_1_27' title="bbox 256 2145 1772 2202; baseline 0.003 -14"><span class='ocrx_word' id='word_1_228' title='bbox 256 2145 302 2188; x_wconf 91' lang='lat' dir='ltr'>ln</span> <span class='ocrx_word' id='word_1_229' title='bbox 338 2145 428 2195; x_wconf 90' lang='lat' dir='ltr'>his,</span> <span class='ocrx_word' id='word_1_230' title='bbox 461 2160 569 2202; x_wconf 85' lang='lat' dir='ltr'>quae</span> <span class='ocrx_word' id='word_1_231' title='bbox 587 2146 726 2189; x_wconf 84' lang='lat' dir='ltr'>adhuc</span> <span class='ocrx_word' id='word_1_232' title='bbox 759 2148 1080 2198; x_wconf 70' lang='lat' dir='ltr'>recensuimus,</span> <span class='ocrx_word' id='word_1_233' title='bbox 1112 2147 1261 2189; x_wconf 85' lang='lat' dir='ltr'>formis</span> <span class='ocrx_word' id='word_1_234' title='bbox 1290 2153 1364 2190; x_wconf 86' lang='lat' dir='ltr'>aut</span> <span class='ocrx_word' id='word_1_235' title='bbox 1395 2148 1558 2191; x_wconf 88' lang='lat' dir='ltr'>vitiosis</span> <span class='ocrx_word' id='word_1_236' title='bbox 1582 2150 1772 2193; x_wconf 88' lang='lat' dir='ltr'>autolim</span> 
     </span>
     <span class='ocr_line' id='line_1_28' title="bbox 196 2215 1775 2272; baseline 0.004 -15"><span class='ocrx_word' id='word_1_237' title='bbox 196 2215 421 2266; x_wconf 91' lang='lat' dir='ltr'>obsoletis,</span> <span class='ocrx_word' id='word_1_238' title='bbox 470 2230 575 2272; x_wconf 87' lang='lat' dir='ltr'>quas</span> <span class='ocrx_word' id='word_1_239' title='bbox 618 2216 841 2259; x_wconf 87' lang='lat' dir='ltr'>Editorum</span> <span class='ocrx_word' id='word_1_240' title='bbox 880 2218 1107 2260; x_wconf 81' lang='lat' dir='ltr'>oscitantia</span> <span class='ocrx_word' id='word_1_241' title='bbox 1151 2217 1406 2260; x_wconf 81' lang='lat' dir='ltr'>Philostrato</span> <span class='ocrx_word' id='word_1_242' title='bbox 1440 2218 1655 2270; x_wconf 86' lang='lat' dir='ltr'>affricuit,</span> <span class='ocrx_word' id='word_1_243' title='bbox 1701 2227 1775 2264; x_wconf 84' lang='lat' dir='ltr'>aut</span> 
     </span>
     <span class='ocr_line' id='line_1_29' title="bbox 197 2285 1773 2346; baseline 0.003 -18"><span class='ocrx_word' id='word_1_244' title='bbox 197 2286 282 2328; x_wconf 84' lang='lat' dir='ltr'>sola</span> <span class='ocrx_word' id='word_1_245' title='bbox 316 2285 568 2328; x_wconf 80' lang='lat' dir='ltr'>Graecitatis</span> <span class='ocrx_word' id='word_1_246' title='bbox 602 2287 826 2328; x_wconf 86' lang='lat' dir='ltr'>sinceritas</span> <span class='ocrx_word' id='word_1_247' title='bbox 858 2286 1042 2329; x_wconf 87' lang='lat' dir='ltr'>laeditur</span> <span class='ocrx_word' id='word_1_248' title='bbox 1075 2293 1148 2329; x_wconf 90' lang='lat' dir='ltr'>aut</span> <span class='ocrx_word' id='word_1_249' title='bbox 1191 2287 1342 2330; x_wconf 85' lang='lat' dir='ltr'>leviter</span> <span class='ocrx_word' id='word_1_250' title='bbox 1384 2294 1550 2330; x_wconf 87' lang='lat' dir='ltr'>tantum</span> <span class='ocrx_word' id='word_1_251' title='bbox 1596 2290 1773 2346; x_wconf 88' lang='lat' dir='ltr'>impedi-</span> 
     </span>
     <span class='ocr_line' id='line_1_30' title="bbox 196 2355 1773 2415; baseline 0.003 -18"><span class='ocrx_word' id='word_1_252' title='bbox 196 2360 270 2397; x_wconf 87' lang='lat' dir='ltr'>tur</span> <span class='ocrx_word' id='word_1_253' title='bbox 303 2355 528 2398; x_wconf 89' lang='lat' dir='ltr'>verhorum</span> <span class='ocrx_word' id='word_1_254' title='bbox 562 2355 857 2410; x_wconf 82' lang='lat' dir='ltr'>intelligentia.</span> <span class='ocrx_word' id='word_1_255' title='bbox 923 2356 1156 2400; x_wconf 87' lang='lat' dir='ltr'>Subiiciam</span> <span class='ocrx_word' id='word_1_256' title='bbox 1188 2356 1254 2399; x_wconf 92' lang='lat' dir='ltr'>his</span> <span class='ocrx_word' id='word_1_257' title='bbox 1284 2356 1422 2399; x_wconf 87' lang='lat' dir='ltr'>locum</span> <span class='ocrx_word' id='word_1_258' title='bbox 1454 2358 1526 2400; x_wconf 92' lang='lat' dir='ltr'>uhi</span> <span class='ocrx_word' id='word_1_259' title='bbox 1560 2359 1649 2415; x_wconf 89' lang='lat' dir='ltr'>ipsa</span> <span class='ocrx_word' id='word_1_260' title='bbox 1682 2373 1773 2402; x_wconf 89' lang='lat' dir='ltr'>sen-</span> 
     </span>
     <span class='ocr_line' id='line_1_31' title="bbox 196 2425 1774 2485; baseline 0.003 -18"><span class='ocrx_word' id='word_1_261' title='bbox 196 2426 332 2468; x_wconf 84' lang='lat' dir='ltr'>tentia</span> <span class='ocrx_word' id='word_1_262' title='bbox 364 2439 541 2481; x_wconf 89' lang='lat' dir='ltr'>prorsus</span> <span class='ocrx_word' id='word_1_263' title='bbox 573 2431 637 2468; x_wconf 90' lang='lat' dir='ltr'>est</span> <span class='ocrx_word' id='word_1_264' title='bbox 670 2438 721 2467; x_wconf 87' lang='lat' dir='ltr'>ex</span> <span class='ocrx_word' id='word_1_265' title='bbox 754 2425 1062 2469; x_wconf 85' lang='lat' dir='ltr'>eiusdemmodi</span> <span class='ocrx_word' id='word_1_266' title='bbox 1105 2440 1250 2469; x_wconf 87' lang='lat' dir='ltr'>errore</span> <span class='ocrx_word' id='word_1_267' title='bbox 1292 2427 1579 2483; x_wconf 87' lang='lat' dir='ltr'>pessumdata.</span> <span class='ocrx_word' id='word_1_268' title='bbox 1644 2429 1774 2485; x_wconf 86' lang='lat' dir='ltr'>Repe-</span> 
     </span>
     <span class='ocr_line' id='line_1_32' title="bbox 197 2495 1773 2554; baseline 0.003 -18"><span class='ocrx_word' id='word_1_269' title='bbox 197 2499 284 2536; x_wconf 87' lang='lat' dir='ltr'>tam</span> <span class='ocrx_word' id='word_1_270' title='bbox 319 2501 360 2537; x_wconf 88' lang='lat' dir='ltr'>et</span> <span class='ocrx_word' id='word_1_271' title='bbox 394 2508 508 2538; x_wconf 90' lang='lat' dir='ltr'>nunc</span> <span class='ocrx_word' id='word_1_272' title='bbox 540 2509 629 2538; x_wconf 88' lang='lat' dir='ltr'>rem</span> <span class='ocrx_word' id='word_1_273' title='bbox 660 2495 786 2551; x_wconf 84' lang='lat' dir='ltr'>paulo</span> <span class='ocrx_word' id='word_1_274' title='bbox 831 2495 987 2547; x_wconf 84' lang='lat' dir='ltr'>altius,</span> <span class='ocrx_word' id='word_1_275' title='bbox 1031 2502 1078 2539; x_wconf 85' lang='lat' dir='ltr'>ut</span> <span class='ocrx_word' id='word_1_276' title='bbox 1122 2497 1269 2540; x_wconf 85' lang='lat' dir='ltr'>eadem</span> <span class='ocrx_word' id='word_1_277' title='bbox 1312 2509 1439 2553; x_wconf 85' lang='lat' dir='ltr'>opera</span> <span class='ocrx_word' id='word_1_278' title='bbox 1475 2498 1661 2554; x_wconf 87' lang='lat' dir='ltr'>reliquas</span> <span class='ocrx_word' id='word_1_279' title='bbox 1692 2499 1773 2541; x_wconf 82' lang='lat' dir='ltr'>loc-i</span> 
     </span>
     <span class='ocr_line' id='line_1_33' title="bbox 195 2565 1772 2622; baseline 0.002 -14"><span class='ocrx_word' id='word_1_280' title='bbox 195 2565 387 2608; x_wconf 85' lang='lat' dir='ltr'>maculas</span> <span class='ocrx_word' id='word_1_281' title='bbox 419 2565 674 2621; x_wconf 84' lang='lat' dir='ltr'>abstergam.</span> <span class='ocrx_word' id='word_1_282' title='bbox 738 2566 914 2621; x_wconf 83' lang='lat' dir='ltr'>Legitur</span> <span class='ocrx_word' id='word_1_283' title='bbox 945 2580 986 2622; x_wconf 84' lang='lat' dir='ltr'>p.</span> <span class='ocrx_word' id='word_1_284' title='bbox 1016 2570 1072 2609; x_wconf 83' lang='lat'>90</span> <span class='ocrx_word' id='word_1_285' title='bbox 1094 2600 1103 2618; x_wconf 96' lang='lat'>,</span> <span class='ocrx_word' id='word_1_286' title='bbox 1142 2571 1223 2611; x_wconf 89' lang='lat'>14:</span> <span class='ocrx_word' id='word_1_287' title='bbox 1266 2570 1483 2620; x_wconf 75' lang='grc' dir='ltr'>Ἔλεγχος</span> <span class='ocrx_word' id='word_1_288' title='bbox 1527 2569 1568 2610; x_wconf 77' lang='grc' dir='ltr'>δὲ</span> <span class='ocrx_word' id='word_1_289' title='bbox 1599 2573 1676 2610; x_wconf 80' lang='grc' dir='ltr'><em>τῶν</em></span> <span class='ocrx_word' id='word_1_290' title='bbox 1707 2585 1772 2611; x_wconf 89' lang='grc' dir='ltr'><em>τε-</em></span> 
     </span>
     <span class='ocr_line' id='line_1_34' title="bbox 197 2635 1773 2691; baseline 0.003 -14"><span class='ocrx_word' id='word_1_291' title='bbox 197 2635 352 2688; x_wconf 76' lang='grc' dir='ltr'><em>τράδων</em></span> <span class='ocrx_word' id='word_1_292' title='bbox 384 2661 444 2668; x_wconf 86' lang='lat'>——</span> <span class='ocrx_word' id='word_1_293' title='bbox 475 2635 544 2678; x_wconf 78' lang='grc' dir='ltr'>καὶ</span> <span class='ocrx_word' id='word_1_294' title='bbox 579 2638 601 2686; x_wconf 73' lang='grc' dir='ltr'>ἡ</span> <span class='ocrx_word' id='word_1_295' title='bbox 635 2636 700 2678; x_wconf 80' lang='grc' dir='ltr'>ἐπὶ</span> <span class='ocrx_word' id='word_1_296' title='bbox 735 2637 886 2690; x_wconf 70' lang='grc' dir='ltr'><em>Γέρηνῷ</em></span> <span class='ocrx_word' id='word_1_297' title='bbox 933 2637 988 2690; x_wconf 78' lang='grc' dir='ltr'><em>τῷ</em></span> <span class='ocrx_word' id='word_1_298' title='bbox 1030 2643 1219 2691; x_wconf 70' lang='grc' dir='ltr'><em>παλαις-ᾖ</em></span> <span class='ocrx_word' id='word_1_299' title='bbox 1267 2637 1594 2691; x_wconf 76' lang='grc' dir='ltr'><em>διαμαρτία,</em></span> <span class='ocrx_word' id='word_1_300' title='bbox 1640 2636 1687 2681; x_wconf 72' lang='grc' dir='ltr'>οὗ</span> <span class='ocrx_word' id='word_1_301' title='bbox 1727 2639 1773 2682; x_wconf 81' lang='grc' dir='ltr'><em>τὸ</em></span> 
     </span>
     <span class='ocr_line' id='line_1_35' title="bbox 198 2706 1775 2764; baseline 0.002 -17"><span class='ocrx_word' id='word_1_302' title='bbox 198 2711 315 2756; x_wconf 74' lang='grc' dir='ltr'><em>σῆμα</em></span> <span class='ocrx_word' id='word_1_303' title='bbox 343 2707 553 2755; x_wconf 72' lang='grc' dir='ltr'><em>Ἀθήνησιν</em></span> <span class='ocrx_word' id='word_1_304' title='bbox 586 2707 626 2748; x_wconf 84' lang='grc' dir='ltr'>ἐν</span> <span class='ocrx_word' id='word_1_305' title='bbox 671 2706 784 2761; x_wconf 69' lang='grc' dir='ltr'><em>δεξιᾷ</em></span> <span class='ocrx_word' id='word_1_306' title='bbox 817 2712 890 2756; x_wconf 75' lang='grc' dir='ltr'><em>τῆς</em></span> <span class='ocrx_word' id='word_1_307' title='bbox 938 2706 1285 2749; x_wconf 70' lang='grc' dir='ltr'><em>Ἐλευσῖνάδε</em></span> <span class='ocrx_word' id='word_1_308' title='bbox 1327 2708 1428 2750; x_wconf 79' lang='grc' dir='ltr'><em>ὁδοῦ.</em></span> <span class='ocrx_word' id='word_1_309' title='bbox 1492 2708 1775 2764; x_wconf 81' lang='lat' dir='ltr'>Recipiendae</span> 
     </span>
     <span class='ocr_line' id='line_1_36' title="bbox 199 2774 1775 2834; baseline 0.003 -18"><span class='ocrx_word' id='word_1_310' title='bbox 199 2774 312 2816; x_wconf 87' lang='lat' dir='ltr'>enim</span> <span class='ocrx_word' id='word_1_311' title='bbox 363 2780 463 2816; x_wconf 87' lang='lat' dir='ltr'>sunt</span> <span class='ocrx_word' id='word_1_312' title='bbox 505 2775 584 2818; x_wconf 85' lang='lat' dir='ltr'>hae</span> <span class='ocrx_word' id='word_1_313' title='bbox 630 2776 832 2819; x_wconf 89' lang='lat' dir='ltr'>lectiones</span> <span class='ocrx_word' id='word_1_314' title='bbox 878 2790 928 2818; x_wconf 87' lang='lat' dir='ltr'>ex</span> <span class='ocrx_word' id='word_1_315' title='bbox 961 2777 1201 2818; x_wconf 86' lang='lat' dir='ltr'>Monacensi</span> <span class='ocrx_word' id='word_1_316' title='bbox 1245 2776 1353 2819; x_wconf 88' lang='lat' dir='ltr'>libro</span> <span class='ocrx_word' id='word_1_317' title='bbox 1394 2791 1470 2834; x_wconf 89' lang='lat' dir='ltr'>pro</span> <span class='ocrx_word' id='word_1_318' title='bbox 1501 2779 1689 2831; x_wconf 82' lang='grc' dir='ltr'><em>ἀμαρτία</em></span> <span class='ocrx_word' id='word_1_319' title='bbox 1733 2784 1775 2821; x_wconf 88' lang='lat' dir='ltr'>et</span> 
     </span>
     <span class='ocr_line' id='line_1_37' title="bbox 199 2844 1776 2902; baseline 0.001 -15"><span class='ocrx_word' id='word_1_320' title='bbox 199 2849 272 2893; x_wconf 79' lang='grc' dir='ltr'><em>τῆς</em></span> <span class='ocrx_word' id='word_1_321' title='bbox 307 2844 347 2891; x_wconf 79' lang='grc' dir='ltr'>ἐς</span> <span class='ocrx_word' id='word_1_322' title='bbox 381 2846 601 2888; x_wconf 81' lang='grc' dir='ltr'><em>Ἐλευσῖνα</em></span> <span class='ocrx_word' id='word_1_323' title='bbox 647 2847 749 2889; x_wconf 77' lang='grc' dir='ltr'><em>ὁδοῦ.</em></span> <span class='ocrx_word' id='word_1_324' title='bbox 813 2845 968 2888; x_wconf 91' lang='lat' dir='ltr'>Malum</span> <span class='ocrx_word' id='word_1_325' title='bbox 1014 2845 1205 2896; x_wconf 85' lang='lat' dir='ltr'>sactum,</span> <span class='ocrx_word' id='word_1_326' title='bbox 1249 2846 1360 2902; x_wconf 88' lang='lat' dir='ltr'>quod</span> <span class='ocrx_word' id='word_1_327' title='bbox 1402 2860 1476 2888; x_wconf 90' lang='lat' dir='ltr'>nos</span> <span class='ocrx_word' id='word_1_328' title='bbox 1519 2848 1562 2888; x_wconf 92' lang='lat' dir='ltr'>in</span> <span class='ocrx_word' id='word_1_329' title='bbox 1594 2848 1776 2890; x_wconf 84' lang='lat' dir='ltr'>caeteris</span> 
     </span>
     <span class='ocr_line' id='line_1_38' title="bbox 200 2911 1776 2972; baseline 0.004 -18"><span class='ocrx_word' id='word_1_330' title='bbox 200 2911 395 2955; x_wconf 86' lang='lat' dir='ltr'>destituit</span> <span class='ocrx_word' id='word_1_331' title='bbox 440 2913 576 2957; x_wconf 89' lang='lat' dir='ltr'>bonus</span> <span class='ocrx_word' id='word_1_332' title='bbox 622 2915 759 2966; x_wconf 88' lang='lat' dir='ltr'>liber,</span> <span class='ocrx_word' id='word_1_333' title='bbox 810 2929 994 2972; x_wconf 86' lang='lat' dir='ltr'>namque</span> <span class='ocrx_word' id='word_1_334' title='bbox 1042 2916 1198 2959; x_wconf 86' lang='lat' dir='ltr'>habent</span> <span class='ocrx_word' id='word_1_335' title='bbox 1238 2916 1472 2960; x_wconf 86' lang='lat' dir='ltr'>Minoideae</span> <span class='ocrx_word' id='word_1_336' title='bbox 1520 2918 1776 2960; x_wconf 89' lang='lat' dir='ltr'>temeritatis</span> 
     </span>
     <span class='ocr_line' id='line_1_39' title="bbox 200 2982 1774 3041; baseline 0.003 -16"><span class='ocrx_word' id='word_1_337' title='bbox 200 2982 427 3027; x_wconf 77' lang='lat' dir='ltr'>manifesta</span> <span class='ocrx_word' id='word_1_338' title='bbox 461 2983 619 3028; x_wconf 84' lang='lat' dir='ltr'>indicia</span> <span class='ocrx_word' id='word_1_339' title='bbox 654 2985 784 3030; x_wconf 76' lang='lat' dir='ltr'>llaec:</span> <span class='ocrx_word' id='word_1_340' title='bbox 833 2987 1125 3041; x_wconf 68' lang='grc' dir='ltr'><em>Ναυκρατίτης</em></span> <span class='ocrx_word' id='word_1_341' title='bbox 1160 2988 1232 3039; x_wconf 78' lang='grc' dir='ltr'>μὲν</span> <span class='ocrx_word' id='word_1_342' title='bbox 1265 2987 1347 3041; x_wconf 74' lang='grc' dir='ltr'>γαρ</span> <span class='ocrx_word' id='word_1_343' title='bbox 1377 2985 1419 3035; x_wconf 73' lang='grc' dir='ltr'>ἧν</span> <span class='ocrx_word' id='word_1_344' title='bbox 1451 2985 1563 3036; x_wconf 74' lang='grc' dir='ltr'><em>οὗτος</em></span> <span class='ocrx_word' id='word_1_345' title='bbox 1598 2988 1665 3030; x_wconf 76' lang='grc' dir='ltr'>καὶ</span> <span class='ocrx_word' id='word_1_346' title='bbox 1698 2991 1774 3031; x_wconf 79' lang='grc' dir='ltr'><em>τῶν</em></span> 
     </span>
    </p>
   </div>
  </div>
 </body>
</html>
