2366 3540
1395 240 1449 279 52

647 352 741 410 (pro
774 353 837 395 δεῖ
866 351 924 408 δέ)
961 377 1014 382 -
1049 376 1106 381 —-
1140 352 1180 398 ἐς
1213 352 1368 402 γυμνὸν
1405 354 1472 395 τὸν
1504 353 1685 402 ἀθλητὴν
1722 355 1962 407 βλέψαντες
1996 354 2081 397 κτὲ.
2147 353 2220 395 Pe-

647 422 720 463 riit
754 420 946 462 funditus
980 419 1190 474 protasis,
1223 419 1416 474 apodosis
1450 423 1615 476 integra
1650 429 1858 477 superest.
1922 424 2088 466 Leviter
2127 427 2222 463 tan-

646 495 737 532 tum
772 489 922 530 affecta
955 493 1056 528 sunt
1101 500 1208 542 quae
1251 494 1517 543 sequuntur:
1565 491 1757 532 Χαλεπὸν
1799 492 1874 541 μὲν
1916 494 1961 534 τὸ
2007 491 2222 542 ἐνθύμημα

646 558 714 599 ux)
759 559 802 598 οὐ
849 556 1022 604 πάντη
1080 557 1239 610 ῥᾴδιον,
1287 560 1329 600 οὐ
1375 560 1455 609 μην
1509 559 1640 612 πρόσω
1691 559 1800 616 [γε]
1846 560 1892 602 τὸ
1934 566 2007 608 τῆς
2054 560 2221 612 τέχνης.

646 625 863 668 Emenda:
912 626 980 667 κοιὶ
1012 627 1055 667 οὐ
1089 626 1220 668 πάνυ
1252 643 1300 669 τι
1333 629 1489 682 ῥᾴδιον,
1522 628 1673 670 deinde
1704 628 1751 670 τό
1784 641 1989 683 expunge.
2053 628 2100 669 ln
2127 640 2222 682 apo·

647 694 807 750 grapho
851 700 915 736 est
956 697 999 737 οὐ
1039 696 1118 746 μὴν
1165 695 1296 748 πρόσω
1329 698 1375 739 τὸ
1419 703 1492 746 τῆς
1534 698 1700 750 τέχνης.
1764 697 1913 739 Editor
1941 713 1993 748 ‘ys
2028 696 2223 738 inseruit.

647 764 803 806 Recte:
848 763 920 805 sed
963 777 1042 805 non
1089 764 1299 806 intellexit
1340 781 1393 816 γε
1437 767 1478 807 in
1523 767 1570 809 τό
1612 766 1889 823 depravatum
1938 766 2084 808 latere.
2151 764 2225 807 Sat

647 838 747 874 nota
778 832 934 874 locutio
967 838 1031 873 est
1060 833 1185 884 πόρρω
1214 834 1365 886 τέχνης
1399 841 1441 876 et
1469 835 1601 887 πρόσω
1629 836 1795 888 τέχνης.

707 901 784 942 Ubi
814 900 1096 942 Philostratus
1128 908 1380 957 gymnastae
1419 903 1604 945 officium
1650 904 1853 947 describit
1901 917 1995 959 pag.
2025 906 2095 946 58.
2130 915 2224 958 gra·

645 970 847 1010 vissimus
880 981 1000 1010 error
1031 968 1082 1010 ab
1115 969 1288 1012 Editore
1317 974 1572 1014 commissus
1602 973 1777 1015 miscuit
1807 974 1961 1014 omnia.
2025 971 2225 1014 Indicabo

646 1039 766 1095 prius
807 1038 897 1080 leve
942 1037 1143 1079 mendum
1176 1039 1218 1080 in
1253 1040 1633 1095 praecedentibus:
1677 1041 1752 1086 ἓςω
1791 1043 1862 1091 δη,
1905 1042 2069 1096 inquit,
2102 1041 2118 1082 ὂ
2152 1057 2225 1092 γυ-

645 1108 805 1160 μνοιςῆς
840 1108 947 1157 μήτε
980 1107 1211 1161 ἀδολέσχης
1254 1111 1363 1160 μήτε
1399 1111 1642 1162 ἀγύμναςος
1671 1112 1743 1159 την
1775 1113 2003 1162 γλῶτταν,
2034 1112 2085 1158 ὡς
2118 1111 2225 1161 μήτε

645 1178 691 1220 τὸ
724 1177 882 1228 ἐνεργὸν
917 1182 990 1224 τῆς
1022 1177 1174 1229 τέχνης
1215 1179 1397 1222 ἐκλύοιτο
1431 1181 1506 1222 ὑπὸ
1535 1185 1608 1227 τῆς
1641 1181 1894 1234 ἀδολεσχίας
1939 1182 2047 1231 μήτε
2091 1181 2226 1232 ἄγροι-

646 1246 803 1298 κότερον
836 1246 1020 1298 φκίνοιτο
1053 1248 1110 1297 μη
1144 1247 1215 1296 ξὺν
1245 1248 1356 1301 λόγῳ
1385 1249 1591 1300 δρώμενον.
1658 1250 1850 1305 Repetita
1879 1249 2039 1306 syllaba
2068 1249 2223 1291 scribe:

646 1315 922 1368 ἀγροικότερον
963 1317 1148 1368 φαίνοιτο
1185 1317 1263 1374 (τὸ)
1298 1319 1356 1368 μη
1395 1317 1465 1367 ξὺν
1498 1319 1609 1371 λόγῳ
1642 1320 1848 1371 δρώμενον.
1913 1319 1964 1361 Ni
1999 1317 2041 1359 id
2076 1317 2226 1360 seceris

646 1384 762 1426 verbi
797 1386 981 1437 φαίνοιτο
1029 1386 1267 1428 subiectum
1303 1388 1384 1428 erit
1415 1388 1460 1428 τὸ
1495 1388 1653 1439 ἐνεργὸν
1687 1393 1759 1435 τῆς
1793 1389 1977 1441 τέχνης,
2013 1387 2123 1443 quod
2157 1387 2227 1429 ab·

648 1454 824 1495 surdum
859 1459 938 1496 est.
1004 1454 1232 1508 Eleganter
1263 1456 1308 1498 τὸ
1343 1457 1534 1508 δρώμενον
1570 1458 1742 1512 ponitur
1775 1471 1849 1513 pro
1880 1459 1925 1499 τὸ
1955 1463 2028 1505 τῆς
2062 1473 2223 1507 γυμνικ-

646 1529 761 1571 ςικῆς
795 1522 922 1574 ἔργον.
987 1523 1147 1566 Deinde
1180 1532 1431 1581 gymnaslae
1480 1527 1541 1567 Sic
1575 1527 1806 1582 praecipit:
1851 1528 2222 1577 Φυσιογνωμονικήν

646 1609 692 1634 τε
725 1592 962 1645 ἕπεοκέφθω
1000 1597 1156 1635 vtio-av.
1220 1595 1345 1636 Τουτὶ
1379 1595 1419 1637 δὲ
1447 1596 1598 1637 κελεύω
1627 1597 1693 1638 διὰ
1726 1595 1831 1638 τόδε.
1879 1596 1935 1637 Iis
1968 1608 2076 1652 quae
2108 1607 2221 1637 nunc

647 1667 887 1716 sequuntur
930 1661 994 1702 sac
1041 1661 1268 1717 diligenter
1310 1665 1501 1705 animum
1547 1665 1756 1707 attendas
1832 1665 1952 1706 Prior
2001 1678 2097 1720 pars
2138 1677 2220 1706 uno

645 1736 813 1772 tantun]
863 1730 964 1772 vitio
1009 1730 1196 1774 laborat:
1246 1733 1381 1775 πκῑδκ
1424 1735 1602 1782 οὲθλητην
1650 1735 1934 1782 Ἑλληνοδίκης
1981 1734 2056 1784 μέν
2100 1734 2218 1782 τιςῆ

647 1799 895 1852 ἀμφικτύων
938 1800 1212 1852 κρίνουσιν
1258 1803 1341 1844 οἶοι-ὸ
1369 1807 1445 1844 τῶν
1477 1804 1648 1845 τοιῶνδε.
1712 1803 1889 1858 Capisne
1921 1803 2023 1858 quid
2057 1804 2109 1844 sit
2139 1804 2218 1855 κρί-

647 1867 808 1910 νουσινῖ
872 1868 985 1910 Fieri
1034 1883 1115 1911 non
1151 1876 1285 1926 potest
1327 1877 1372 1913 ut
1405 1873 1575 1927 capias,
1623 1885 1804 1928 namque
1843 1872 2005 1927 liquido
2050 1872 2220 1915 demon-

649 1942 757 1979 strat
786 1936 948 1992 reliqua
983 1951 1080 1993 pars
1113 1940 1190 1981 loci
1225 1940 1328 1983 haec
1361 1940 1445 1982 dici
1479 1940 1530 1983 de
1570 1941 1827 1984 athletarum
1868 1943 2088 1996 δοκιμασίᾳ
2134 1943 2222 1984 sive

643 2006 880 2062 probatione
930 2008 1177 2063 priusquam
1228 2009 1280 2051 ad
1321 2011 1554 2052 certamina
1599 2011 1897 2052 admittantur.
1973 2011 2079 2053 Nota
2123 2016 2223 2053 sunt

647 2075 836 2130 exempla
869 2088 1015 2118 eorum
1050 2091 1155 2132 quos
1188 2080 1413 2121 reiecerint
1452 2080 1484 2122 οἱ
1518 2081 1832 2129 Ἑλλανοδίκαι,
1876 2093 2055 2135 quorum
2089 2093 2222 2123 unum

651 2158 748 2186 mox
779 2158 1037 2200 expromam.
1102 2147 1148 2189 In
1183 2161 1232 2190 ea
1264 2162 1309 2190 re
1352 2149 1491 2201 κρίνειν
1529 2148 1667 2192 locum
1714 2149 1877 2191 nullum
1924 2149 2099 2199 habere,
2149 2163 2222 2192 ne-

651 2227 732 2270 que
774 2214 814 2255 id
860 2228 934 2269 pro
978 2216 1208 2269 δοκιμοίζειν
1250 2217 1313 2259 vel
1344 2219 1584 2272 βκσκνίζειν
1628 2220 1728 2274 poni
1772 2232 1892 2274 posse
1923 2219 2084 2260 dabunt
2116 2218 2222 2260 milii

647 2296 793 2325 omnes
826 2284 898 2339 qui
932 2284 1089 2327 Graece
1132 2287 1289 2328 sciunt.
1355 2288 1463 2340 Quid
1499 2288 1632 2343 igitur
1671 2288 1896 2343 legendum
1940 2288 2037 2330 est?
2087 2289 2221 2344 Appa-

647 2352 756 2394 rebit
790 2366 839 2394 ex
877 2353 966 2395 loco
998 2355 1216 2397 Plutarchi
1251 2362 1292 2398 et
1327 2357 1617 2413 Xenophontis
1663 2356 1714 2399 de
1756 2357 1901 2399 eadem
1945 2372 1990 2401 re
2035 2358 2221 2400 scriben-

648 2422 755 2464 tium
791 2422 860 2465 hic
894 2423 934 2464 in
971 2423 1197 2467 Hellenicis
1229 2425 1299 2467 lv.
1336 2440 1364 2468 1.
1399 2430 1488 2474 40,
1521 2425 1590 2468 ille
1623 2427 1666 2467 in
1700 2427 1883 2481 Agesilai
1913 2428 2000 2469 vita
2032 2441 2123 2483 cap.
2154 2431 2221 2470 15.

648 2491 904 2534 Plutarchus
938 2493 995 2534 ita
1030 2494 1208 2537 scribit:
1257 2495 1405 2548 ἠράσθη
1441 2497 1618 2544 ἀθλητοῦ
1650 2496 1792 2543 παιδος
1823 2496 1868 2546 ἐξ
1901 2500 2097 2546 Ἀθηνῶν·
2132 2497 2220 2539 ἐπεὶ

648 2560 688 2602 δὲ
720 2562 860 2611 μέγας
893 2563 942 2604 Ξὲν
973 2563 1042 2604 uxi
1071 2565 1240 2616 σκληρὸς
1271 2566 1557 2616 Ὀλυμπίοοσιν
1597 2566 1863 2607 ἐκινδύνευσεν
1911 2567 2221 2619 ἐκκριθῆναι

649 2632 914 2683 κκτκφεύγει
964 2633 1058 2684 πρὸς
1101 2634 1170 2675 τὸν
1214 2637 1481 2685 Ἀγησίλαον.
1558 2635 1847 2691 Xenophontis
1889 2635 1939 2677 de
1983 2635 2129 2677 cadem
2177 2649 2224 2678 re

649 2698 752 2741 haec
782 2700 908 2741 verba
942 2707 1065 2744 sunt:
1099 2702 1331 2754 ἐρκοθέντος
1363 2707 1488 2747 αὐτοῦ
1522 2709 1591 2747 τοῦ
1636 2705 1848 2751 Εὐάλκους
1882 2706 1981 2752 υἱέος
2011 2706 2222 2752 Ἀθηνοοίου

649 2768 775 2811 πάντ’
823 2771 1007 2818 ἐποίησεν
1052 2770 1157 2819 ὅπως
1206 2773 1256 2815 ἂν
1300 2775 1351 2817 δι’
1396 2776 1541 2817 ἐκεῖνον
1589 2775 1859 2826 ἐγκριθείη
1910 2775 1955 2816 το
2001 2774 2136 2818 ςοέδιον
2182 2774 2221 2814 ἐν

649 2839 870 2894 Ὀλυμπίᾳ
911 2841 1082 2891 μέγιςος
1128 2842 1177 2883 ὢν
1219 2848 1296 2885 τῶν
1343 2845 1510 2886 παίδων.
1577 2842 1748 2886 Scilicet
1795 2844 1997 2886 solemnia
2043 2849 2084 2885 et
2127 2855 2222 2884 con·

650 2913 770 2964 cepta
812 2909 853 2951 in
886 2921 934 2953 ea
971 2923 1017 2954 re
1061 2911 1187 2956 verba
1229 2919 1329 2958 sunt
1374 2914 1566 2967 ἐγκρίνειν
1606 2918 1646 2957 et
1695 2914 1897 2968 ἐκκρίνειν.
1963 2913 2042 2966 Qui
2091 2913 2133 2955 in
2176 2924 2224 2955 ea
