2366 3540
929 299 982 339 27

172 411 353 454 multum
403 411 656 462 dissimilia,
704 411 856 454 deinde
889 413 1045 456 sensim
1090 412 1354 464 diversiora,
1406 413 1604 470 denique'
1623 414 1744 470 plane

171 482 364 532 diversa,
414 481 545 525 donec
589 481 761 525 tandem
810 482 891 531 iis,
940 487 986 524 ut
1033 482 1144 539 apud
1189 482 1458 539 philosophos
1510 487 1743 540 quosdam,

169 551 310 594 πόντοι
354 555 432 606 ῥεῖν
474 553 680 608 incipiant
727 557 768 594 et
812 551 918 593 nihil
967 565 1142 606 prorsus
1184 559 1349 595 certum
1391 553 1447 595 sit
1486 567 1535 596 ac
1578 555 1743 600 stabile.

169 621 267 663 Vidi
301 635 436 678 nuper
478 623 551 678 qui
596 622 844 677 opinaretur
880 621 1063 668 ποδαπός
1103 635 1184 663 non
1217 636 1377 677 semper
1412 623 1463 665 de
1494 626 1629 679 patria
1660 625 1744 669 dici

170 690 282 734 unde
315 693 494 746 quisque
542 689 750 732 oriundus
794 695 934 740 esset,
981 689 1338 745 quemadmodum
1374 697 1415 733 et
1454 694 1664 743 ἡμεδκπός
1704 702 1746 739 ct

170 761 378 812 ὑμεδοιπός
412 760 599 809 dicitur,
633 764 674 801 et
716 758 863 800 Latine
896 759 1038 808 cuias,
1082 765 1268 809 nostras,
1302 767 1486 811 vestras,
1532 763 1604 804 sed
1648 779 1744 808 non-

168 843 396 884 numquam
428 828 479 870 ad
521 828 739 883 ingenium
784 832 825 869 et
860 840 999 870 mores
1042 827 1222 878 reserri,
1272 834 1319 871 ut
1352 830 1533 879 ποδκπὸς
1566 830 1631 883 εἷς
1681 841 1747 878 sat

170 897 388 940 commode
419 911 494 953 pro
526 898 637 946 ποῖός
669 914 731 945 τις
761 895 823 948 εἷς
859 897 1017 940 Graece
1045 899 1143 954 poni
1178 899 1379 954 potuerit.
1447 899 1556 952 Quid
1593 905 1746 947 attinet

171 967 240 1009 illa
275 967 385 1009 serio
419 965 640 1010 refutare?
707 966 750 1010 Si
789 967 847 1009 ita
882 966 1075 1010 homines
1116 974 1190 1010 aut
1219 981 1332 1011 nunc
1369 968 1641 1025 loqueremur
1672 979 1746 1016 aut

170 1036 269 1079 olim
311 1036 441 1079 locuti
480 1043 645 1088 essent,
694 1036 854 1079 frustra
902 1036 1088 1079 humano
1123 1037 1268 1092 generi
1311 1037 1408 1080 data
1457 1047 1568 1083 essct
1612 1044 1747 1085 oratio

170 1111 212 1148 ct
262 1106 571 1162 interpretandi
618 1111 709 1149 arte
755 1105 860 1148 nihil
904 1105 1011 1149 soret
1059 1105 1226 1149 facilius
1272 1107 1399 1149 simul
1447 1114 1488 1151 et
1535 1110 1746 1154 inutilius.

169 1175 491 1218 Eiusdemmodi
534 1181 576 1218 et
622 1176 703 1218 alia
755 1175 969 1232 permulta
1016 1181 1116 1217 sunt
1167 1176 1210 1217 in
1265 1176 1509 1219 Philostrati
1556 1181 1747 1224 versione

171 1245 328 1288 Gallica
362 1251 403 1287 et
441 1245 518 1288 hoc
552 1246 719 1301 ipsum:
757 1245 811 1286 »il
842 1258 894 1287 ne
920 1250 996 1301 put
1029 1244 1236 1287 dormir.''
1299 1246 1458 1289 Graeca
1492 1248 1618 1291 verba
1656 1251 1747 1293 sine

171 1314 256 1357 ulla
294 1315 582 1358 controversia
627 1314 763 1357 lahem
810 1314 1050 1370 vitiumque
1096 1322 1396 1371 conceperunt.
1460 1317 1607 1360 Dicam
1645 1319 1748 1375 quid

170 1384 276 1426 mihi
317 1385 480 1427 venerit
526 1385 570 1426 in
614 1389 818 1430 mentem.
883 1384 1086 1440 Suspicor
1122 1385 1246 1441 plane
1283 1387 1545 1429 contrarium
1589 1387 1749 1432 dixisse

171 1454 506 1504 philostratum,
540 1460 581 1497 et
615 1454 799 1497 athletae
824 1468 905 1497 usu
924 1455 1091 1497 venisse
1122 1455 1163 1497 id
1192 1456 1301 1511 quod
1334 1457 1376 1498 in
1410 1457 1484 1499 tali
1510 1471 1554 1500 re
1580 1459 1747 1502 assolet.

170 1523 284 1566 Cibis
326 1525 507 1579 vinoque
553 1525 844 1580 ingurgitatus
889 1529 931 1566 et
980 1524 1158 1567 obrutus
1205 1526 1465 1568 obdormivit.
1537 1529 1747 1572 Postridie

171 1607 220 1636 ex
250 1594 423 1650 crapula
455 1594 615 1637 crudus
648 1600 751 1636 erat.
818 1594 926 1647 Quid
959 1595 1092 1649 igitur
1126 1596 1414 1651 reponendum
1443 1605 1506 1639 est
1536 1611 1610 1653 pro
1642 1601 1748 1649 οέπη-

169 1663 292 1716 νέχθη
324 1668 394 1706 τοῦ
427 1662 583 1706 ὕπνουῗ
647 1663 806 1719 Nempe
839 1664 1072 1717 κατηνέχθη
1119 1665 1158 1711 ἐς
1193 1663 1341 1714 ὕπνον,
1377 1666 1488 1722 quod
1532 1673 1631 1709 noto
1666 1682 1748 1711 usu

170 1732 222 1775 de
253 1733 305 1774 iis
330 1733 505 1789 ponitur
533 1733 606 1788 qui
640 1734 759 1787 gravi
792 1746 940 1775 somno
970 1733 1226 1788 sopiuntur,
1261 1734 1311 1777 de
1339 1735 1495 1791 quihus
1532 1743 1573 1780 et
1616 1755 1748 1782 κοιτοι-

169 1802 278 1855 <popa
311 1803 460 1845 crebro
493 1803 693 1858 usurpari
743 1802 860 1845 solet.
927 1802 1180 1845 Simillimus
1219 1809 1283 1846 est
1317 1805 1493 1848 Luciani
1544 1806 1660 1850 locus
1698 1808 1748 1851 de

170 1871 457 1930 Polyphemo,
490 1873 563 1928 qui
596 1872 738 1915 ebrius
771 1872 1027 1916 obdormivit
1058 1874 1099 1915 in
1134 1873 1239 1916 Dial.
1274 1875 1427 1920 Marin.
1448 1875 1502 1919 ΙΙ.
1530 1880 1576 1919 2:
1615 1877 1746 1921 ἅπαν·

170 1958 225 1983 τοι
249 1942 331 1995 γὰρ
364 1942 489 1985 ἐδόκει
520 1958 586 1995 μοι
626 1943 910 1996 περιφέρεσθαι
945 1943 1075 1985 πιόντι
1105 1968 1164 1974 -
1184 1977 1194 1993 ,
1227 1943 1343 1992 τέλος
1385 1946 1425 1987 δὲ
1468 1946 1542 1994 εἰς
1587 1946 1747 1991 ὕπνον

171 2011 553 2060 κατεσπάσθην.
618 2012 817 2054 Proxima
865 2011 932 2053 his
964 2011 1311 2055 emendatissima
1357 2020 1488 2057 sunt:
1540 2015 1640 2065 ἥκων
1682 2015 1747 2061 οὖν

171 2088 244 2131 τῆς
280 2083 468 2133 ὑςεροιιόις
500 2082 538 2129 ἐς
573 2083 618 2124 τὸ
649 2081 877 2132 γυμνάσιον
910 2081 1112 2133 ὡμολόγει
1145 2085 1241 2135 πρὸς
1281 2084 1348 2126 τὸν
1382 2088 1599 2136 γυμνοιςὴν
1641 2089 1747 2139 ὠμός

171 2167 219 2193 τε
261 2149 362 2193 εἷνκι
398 2153 570 2203 πονήρως
603 2168 650 2193 τε
693 2150 805 2203 ἔχειν
834 2167 902 2203 πῃ.
967 2155 1016 2192 Ὁ
1051 2151 1091 2193 δὲ
1126 2153 1307 2205 ἦγριόοινέ
1348 2170 1393 2195 τε
1432 2155 1499 2197 uxi
1544 2155 1617 2205 ξὺν
1648 2158 1747 2211 ὀργῇ

173 2221 289 2269 ἤκουε
322 2221 390 2263 xxi
424 2221 616 2274 χαλεπὸς
649 2219 693 2270 ἧν
731 2222 781 2268 ὡς
813 2220 961 2262 οὲνιέντι
1006 2221 1075 2263 καὶ
1110 2221 1188 2270 τὰς
1220 2223 1422 2275 ‘tarpeiam
1453 2225 1674 2269 διασπῶντι
1708 2227 1747 2275 ἔς

173 2307 218 2333 τε
267 2291 485 2334 ἀπέκτεινε
526 2291 592 2332 τὸν
638 2291 819 2338 ἀθλητὴν
849 2290 888 2331 ἐν
918 2291 1028 2343 αὐτῷ
1059 2291 1114 2343 τῷ
1156 2292 1395 2345 γυμνάζειν.
1461 2294 1571 2337 Haec
1615 2297 1749 2351 igitur

174 2366 275 2403 sunt
304 2361 399 2404 luce
433 2360 643 2409 clariora,
679 2359 751 2402 sed
786 2359 1018 2415 caliginosa
1052 2373 1133 2402 nox
1164 2363 1321 2417 premit
1360 2369 1548 2407 extrema
1592 2366 1746 2409 verba:

175 2432 438 2486 Ἀγνωσίςι
477 2430 582 2487 [καὶ]
621 2429 877 2483 προειπόντος
909 2427 938 2471 ἃ
970 2430 1253 2484 γυμνοὲζεσθκι
1288 2432 1364 2475 ἔδει
1397 2434 1465 2475 καὶ
1506 2440 1748 2485 σιωπῶντος.

176 2502 329 2558 Reperi
363 2502 405 2543 in
441 2501 506 2542 his
549 2513 690 2542 veram
736 2499 960 2542 lectionem
1006 2513 1134 2556 quam
1178 2502 1322 2544 statim
1361 2516 1632 2559 expromam,
1677 2507 1750 2550 sed

175 2572 296 2629 prius
324 2571 425 2628 quid
444 2570 542 2613 libri
574 2569 799 2620 dederint,
833 2569 932 2625 quid
963 2570 1159 2613 Editores
1191 2571 1530 2628 designaverint,
1558 2582 1751 2632 spectare

177 2642 347 2684 animus
380 2647 456 2685 est.
521 2641 568 2683 In
603 2639 844 2697 apographo
883 2640 1032 2697 Mynas
1079 2640 1299 2685 exhibuit:
1348 2645 1580 2695 Ἀγνωσιάς
1625 2664 1752 2700 προειο

178 2711 321 2759 πόντος
353 2710 381 2755 ἑὲ
414 2710 698 2764 γυμνάζεσθαι
741 2710 842 2753 ἔδει;
888 2711 931 2751 in
963 2723 1040 2753 Sua
1079 2710 1264 2755 editione
1297 2712 1440 2757 dedit:
1488 2716 1676 2771 οἷγνωσίοι
1707 2719 1751 2759 οὐ

178 2782 433 2835 προειπόντος
475 2778 504 2823 ἃ
544 2781 829 2834 γυμνάζεσθαι
874 2779 948 2822 ἔδει
997 2785 1232 2824 annotans:
1284 2782 1416 2827 »dans
1461 2798 1558 2827 mon
1606 2785 1754 2828 Manu-

179 2852 305 2900 εονίι,
340 2850 601 2903 οἶγνωσιάς.”
663 2850 710 2893 Ιη
745 2849 895 2892 Codice
928 2850 1170 2893 Monacensi
1211 2851 1393 2906 legitur:
1437 2855 1623 2909 ἀγνωσίᾳ
1663 2872 1753 2909 προ-

179 2922 358 2970 ειπόντος
391 2919 419 2964 ἃ
452 2923 662 2972 γινώσκειν
695 2920 771 2962 ἔδει
804 2919 872 2962 καὶ
907 2924 1146 2968 σιωπῶντος.
1210 2921 1360 2965 Editor
1391 2936 1440 2966 ex
1483 2923 1548 2966 his
1589 2930 1753 2969 textum

180 2992 238 3033 ita
272 2992 524 3042 constituit,
570 2996 613 3033 ut
652 3003 780 3046 supra
819 2991 1119 3047 apposuimus,
1149 2991 1309 3036 inserto
1341 2993 1412 3036 κοιί
1444 3008 1463 3036 e
1497 2995 1752 3038 coniectura-z
