2366 3540
243 391 396 435 studiis
426 391 467 433 in
497 390 629 433 Gallia
659 391 852 434 attulerit
887 389 1119 444 afferatque
1152 394 1192 431 ct
1225 388 1394 431 aliunde
1427 387 1593 431 abunde
1623 394 1816 433 constare

241 462 354 503 inter
387 459 577 502 eruditos
608 467 673 502 sat
706 462 792 503 scio
825 465 866 502 et
903 463 1111 500 monstrat
1143 458 1244 501 haee
1286 471 1391 500 nova
1420 457 1548 500 libelli
1589 459 1814 501 Philostra-

234 530 290 572 tei
321 528 463 572 editio.
530 529 686 572 Taedet
731 530 930 585 pigetque
963 533 1130 569 acutam
1164 526 1305 569 hercle
1336 533 1376 569 et
1411 527 1675 581 ingeniosam
1713 541 1812 582 gen-

232 603 317 641 tem
353 604 394 640 et
428 611 557 640 unam
587 599 778 641 omnium
813 597 1159 639 venustissimam
1192 601 1233 637 et
1266 595 1627 650 elegantissimam
1665 597 1708 637 in
1746 596 1812 639 liis

231 667 501 722 potissimum
551 667 705 709 studiis
757 669 1040 718 ἀσχημονεῖν,
1089 665 1129 705 in
1179 663 1334 718 quibus
1378 677 1558 706 acumen
1606 670 1646 707 et
1698 667 1811 720 inge-

233 737 382 786 nium,
426 741 626 778 venustas
669 740 710 777 et
745 734 954 790 elegantia
1004 746 1104 789 prae
1152 732 1327 787 reliquis
1377 733 1573 774 omnibus
1622 734 1811 789 exsplen-

231 804 418 847 descant.
483 804 606 846 Doleo
639 804 876 860 lepidorum
915 803 1136 844 hominum
1171 802 1330 852 vicem,
1376 803 1447 857 qui
1484 803 1584 857 quia
1617 816 1638 844 a
1677 803 1810 845 solida

230 874 513 929 grammatica
542 872 781 916 eruditione
816 879 915 915 sunt
945 872 1240 928 imparatiores
1279 870 1584 914 absurdissima
1617 886 1809 928 quaeque

231 943 432 986 devorare
463 949 503 984 et
532 956 818 998 concoquere,
853 955 980 984 sensu
1012 941 1158 983 vacuis
1192 940 1364 981 nitendo
1409 940 1592 995 aliquem
1624 941 1806 983 colorem

231 1013 442 1068 reperire,
487 1011 721 1054 obtundere
765 1011 845 1053 sibi
878 1024 1023 1053 sanam
1070 1010 1278 1052 rationem
1320 1016 1360 1051 et
1405 1009 1562 1051 iudicio
1608 1023 1683 1051 suo
1720 1012 1806 1052 vim

231 1080 388 1124 inferre
421 1087 649 1137 coguntur.
714 1080 964 1123 Suhirascor
997 1079 1067 1122 ubi
1097 1079 1289 1133 linguam
1331 1078 1532 1120 Gallicam
1570 1085 1655 1120 tam
1700 1079 1807 1121 luei-

231 1150 328 1193 dam
361 1156 403 1193 et
436 1151 704 1206 perspicuam
742 1156 784 1193 et
828 1163 1001 1198 sanam,
1052 1148 1256 1190 meltius
1288 1160 1413 1202 quam
1457 1153 1647 1190 caeterae
1686 1148 1806 1203 quid-

231 1220 332 1275 quid
367 1221 422 1262 sit
455 1220 659 1262 absonum
693 1225 734 1260 et
763 1219 872 1261 male
903 1218 1137 1272 cogitatum
1170 1222 1322 1270 arguat.
1368 1223 1650 1271 respuatque‚
1686 1217 1805 1259 video

230 1303 305 1345 per
333 1290 419 1331 vim
468 1287 780 1331 accommodari
824 1285 1057 1329 referendis
1100 1287 1226 1340 nugis
1256 1291 1297 1327 et
1336 1284 1652 1335 deliramentis,
1697 1300 1805 1341 quae

230 1359 396 1414 antiqui
429 1358 652 1414 scriptoris
685 1357 938 1400 temerarius
971 1355 1248 1411 interpolator
1281 1355 1384 1396 viris
1424 1360 1591 1397 caetera
1625 1355 1805 1397 eruditis

230 1427 289 1469 nil
323 1427 423 1470 mali
467 1427 783 1484 suspicantibus
824 1439 900 1481 pro
943 1425 1141 1481 genuinis
1188 1424 1469 1479 Antiquitatis
1514 1426 1804 1466 monumentis

230 1496 525 1539 venditaverit.

290 1565 371 1608 Sed
406 1571 572 1621 tempus
603 1571 693 1613 est,
735 1579 787 1608 ne
825 1563 1040 1606 nonnullis
1071 1569 1145 1606 aut
1191 1563 1334 1607 aerius
1379 1563 1689 1619 reprehendere
1729 1570 1803 1606 aut

229 1634 279 1678 de
313 1635 480 1690 magnis
524 1635 683 1676 maiora
728 1634 842 1689 loqui
877 1633 1048 1683 videar,
1083 1639 1130 1675 ut
1164 1632 1266 1674 haee
1301 1633 1443 1673 omnia
1476 1633 1680 1688 exemplis
1711 1635 1801 1688 qui-

227 1704 405 1747 busdam
437 1704 723 1747 demonstrem
758 1709 799 1745 et
840 1703 1022 1744 vincam.
1088 1701 1285 1744 Delibabo
1319 1701 1506 1756 primum
1540 1701 1652 1743 locos
1681 1715 1802 1756 quos-

228 1772 324 1815 dam
359 1786 452 1816 meo
499 1773 709 1816 arbitratu
752 1771 903 1815 deinde
949 1770 1113 1827 reliqua
1157 1770 1305 1813 ordine
1350 1769 1547 1825 deinceps
1579 1783 1800 1825 recognos-

227 1856 334 1885 cam.

285 1912 334 1954 In
366 1912 496 1955 libelli
529 1913 652 1954 initio
691 1926 785 1968 pag.
815 1916 855 1955 4.
889 1911 1001 1953 Edit.
1038 1909 1231 1952 Daremb.
1282 1908 1567 1952 Philostratus
1600 1922 1798 1966 gymnas-

224 1983 335 2024 ticae
368 1983 473 2024 artis
506 1988 592 2024 tres
632 1983 764 2024 veluti
798 1987 958 2024 aetates
991 1981 1214 2023 constituit
1248 1979 1314 2021 his
1355 1977 1519 2020 verbis:
1555 1980 1575 2027 ἦ
1610 1979 1684 2029 μὲν
1717 1980 1798 2031 γὰρ

224 2052 360 2094 minxi
392 2053 628 2103 promant-zm}
661 2052 858 2098 Μίλωνας
904 2050 1026 2091 ἐποίει
1060 2049 1127 2091 ux}
1159 2048 1425 2095 Ἱπποσθένεις
1445 2080 1455 2097 ,
1502 2048 1797 2100 Πθυλυδάμαν-

223 2121 300 2170 τάς
343 2139 389 2164 τε
423 2123 491 2164 ny.)
529 2120 776 2174 Προμάχσυς
818 2120 886 2161 xx}
921 2123 1105 2160 Γλαῦκον
1140 2119 1205 2160 τὸν
1251 2118 1448 2168 Δημύλου
1471 2150 1481 2167 ,
1526 2117 1681 2172 quihus
1715 2132 1798 2160 non

224 2191 452 2234 admodum
485 2190 710 2245 diligenter
743 2188 955 2230 fabulosae
988 2188 1140 2229 aetatis
1177 2187 1357 2229 atlil‘etas
1397 2186 1650 2229 adnumerat
1693 2187 1797 2228 »Pe-

225 2261 332 2303 letcm
367 2267 404 2302 et
442 2259 639 2301 Theseum
671 2265 708 2299 et
739 2258 873 2314 ipsum
914 2257 1184 2299 Herculcm.''
1247 2256 1351 2299 Nam
1386 2262 1450 2298 est
1485 2256 1644 2311 aliquid
1685 2257 1797 2299 inter

223 2330 392 2372 illorum
424 2334 606 2371 aetatem
641 2333 681 2369 et
715 2327 881 2369 Milonis
913 2332 954 2368 et
986 2326 1304 2383 Polydamantis
1349 2339 1446 2367 cum
1482 2325 1716 2367 Promacho
1757 2334 1798 2368 et

223 2399 370 2442 Glauci
413 2398 610 2455 Carystii.
686 2396 881 2439 Secunda
925 2399 1095 2445 aetasn‘
1141 2396 1206 2437 ἐπὶ
1254 2399 1330 2437 τῶν
1371 2394 1577 2448 πκτέρων,
1628 2395 1795 2450 inquit,

222 2469 365 2519 ἥττους
398 2469 472 2519 μὲν
505 2464 584 2509 οἶδε
621 2467 869 2518 &uvam-[⁵223
911 2466 950 2507 δὲ
984 2466 1052 2507 acy-l
1095 2465 1326 2516 μεμνῆσθκι
1375 2463 1526 2512 οέξίευς.
1593 2464 1796 2519 Sequitur

223 2539 351 2581 tertia
383 2543 424 2580 et
458 2536 686 2578 novissima
720 2541 862 2584 aetas,
908 2534 957 2576 de
990 2547 1073 2590 qua
1107 2535 1164 2575 ita
1209 2532 1384 2575 scribit:
1435 2536 1455 2582 ἡ
1502 2534 1540 2575 δὲ
1579 2537 1645 2575 νῦν
1679 2535 1796 2575 καθε-

221 2613 369 2656 ςκκυῖκ
401 2606 725 2658 μεταβέβληκεν
758 2602 858 2647 οὕτω
892 2604 947 2646 τὰ
996 2609 1071 2646 τῶν
1120 2604 1303 2650 ἀθλητῶν
1345 2605 1394 2650 ὡς
1429 2604 1496 2644 xx)
1544 2609 1627 2650 τοῖς
1673 2608 1793 2656 φιλο-

220 2679 477 2729 ymmone-0561
511 2675 602 2721 τοὺς
631 2675 806 2720 πολλοὺς
841 2673 1061 2726 {moso-Oxi,
1109 2685 1215 2727 quae
1244 2672 1458 2728 Interpres
1488 2673 1546 2714 ita
1580 2671 1792 2714 reddidit:

223 2746 358 2788 »mais
387 2745 427 2786 la
455 2744 756 2801 gymnastique
790 2743 969 2785 actuelle
1001 2756 1024 2785 a
1057 2742 1273 2784 tellement
1317 2741 1482 2797 change
1529 2741 1589 2784 les
1626 2741 1793 2783 habitu-

222 2815 295 2858 des
328 2815 401 2857 des
434 2813 637 2862 athletes,
673 2814 740 2869 qu'
773 2813 827 2854 ils
860 2820 977 2861 sont,
1024 2827 1130 2870 pour
1162 2813 1201 2853 la
1232 2810 1428 2866 ρῖιιρανι,
1462 2812 1554 2866 pris
1594 2825 1640 2852 en
1681 2825 1793 2852 arer-

222 2886 308 2927 sion
334 2899 414 2940 par
455 2884 514 2926 les
547 2884 656 2926 vrut's
698 2889 904 2925 amaleurs
947 2883 1017 2924 des
1062 2881 1264 2924 exerct‘ces
1305 2880 1658 2936 9y1nm13liqucs.''
1723 2879 1792 2921 Vi-

223 2953 376 2998 dentur
423 2953 525 2999 haec
571 2954 675 2998 satis
717 2953 822 2998 hene
871 2951 1125 2997 decurrere:
1171 2949 1243 2995 sed
1278 2962 1414 3007 neque
1459 2951 1491 2992 οἱ
1531 2954 1791 3004 <piaemem-
