2366 3540
1384 266 1439 306 22

685 379 804 433 Quod
829 380 950 422 modo
980 379 1222 423 audivimus
1253 377 1558 422 Philostratum
1584 379 1815 424 dmentem:
1847 382 2027 434 γυμνοὺς
2054 383 2192 426 κατὰ

622 450 805 492 ταῦτα
845 455 929 496 τοῖς
968 450 1262 501 εἱληθεροῦσιν,
1302 453 1344 490 et
1376 448 1577 500 πρόσειλοι
1609 449 1783 499 κείμενοι
1835 453 1973 494 κατὰ
2013 452 2193 495 ταῦτα

622 524 706 565 τοῖς
738 517 981 568 ὂπτωμένοις
1027 517 1228 575 (namque
1268 516 1346 558 hoc
1381 517 1422 558 in
1457 517 1547 572 ipso
1579 516 1728 559 Codice
1771 525 1987 574 repertum
2036 522 2092 564 iri
2125 534 2193 563 su-

621 587 762 642 spicor
802 600 878 642 pro
913 587 1055 642 inepta
1084 587 1296 641 scriptura
1338 585 1603 643 ὧπτημένοις)
1640 586 1681 628 in
1715 589 1964 631 memoriam
1998 590 2102 631 mihi
2131 580 2194 632 re-

620 662 744 698 vocat
775 655 944 707 locum,
979 657 1102 699 cuius
1135 655 1473 699 emendationem
1518 656 1668 698 Editor
1709 662 1824 699 recte
1863 659 2078 710 instituit,
2123 658 2196 701 sed

621 736 703 766 non
738 724 927 781 perfecit.
992 726 1039 768 In
1079 725 1319 782 apographo
1352 730 1416 767 est
1448 738 1491 781 p.
1524 728 1601 768 64:
1635 727 1668 768 οἱ
1707 727 1747 768 δὲ
1783 727 2036 784 (ἱμαντώδεις
2069 728 2196 776 ἀθλη-

621 793 709 850 ταὶ)
743 795 866 845 μανοί
897 795 943 837 τέ
974 796 1049 837 εἱσι
1082 795 1151 837 καὶ
1191 794 1390 845 άνειμένοι
1433 797 1597 844 μᾶλλον
1631 795 1700 837 καὶ
1744 796 1854 849 ὑγροὶ
1894 795 1989 847 ἅμα
2029 797 2070 839 ἐν
2101 802 2196 844 ταῖς

621 867 885 915 περιςροφαῖς
916 864 982 905 τα
1015 868 1151 906 νῶτα
1184 868 1268 910 τοῖς
1310 862 1535 913 μάσθλησι.
1600 865 1730 907 Recte
1758 878 1834 920 pro
1867 867 1923 908 τά
1955 870 2062 908 νῶτα
2096 865 2193 908 sub-

621 932 762 973 stituit
795 933 851 974 τα
887 933 1022 982 αὑτά,
1063 932 1135 976 sed
1182 945 1264 974 non
1311 933 1417 974 satis
1460 937 1537 974 est.
1601 933 1802 976 Rescribe
1842 936 1978 977 κατὰ
2023 935 2195 978 ταῦτα

619 1005 703 1048 τοῖς
736 1000 976 1052 μάσθλησι,
1009 1015 1107 1044 nam
1141 1002 1202 1044 sic
1245 1001 1417 1044 demum
1461 1000 1720 1056 significabit
1771 1003 1965 1059 »souples
1997 1003 2102 1046 dans
2135 1003 2198 1047 les

618 1076 914 1113 mouvements
944 1085 1098 1114 comme
1130 1070 1204 1114 des
1243 1071 1504 1113 courroies.”

679 1139 803 1182 Κατά
851 1140 997 1183 eodem
1044 1140 1168 1183 modo
1212 1140 1454 1196 neglectum
1495 1140 1623 1196 periit
1664 1140 1791 1196 paulo
1835 1146 1933 1184 ante
1975 1155 2015 1198 p.
2046 1145 2116 1184 64.
2152 1143 2196 1185 in

620 1209 789 1252 verbis:
833 1212 995 1264 ’Ἄμφω
1041 1211 1081 1254 δὲ
1123 1210 1339 1261 τολμητάς
1386 1227 1432 1253 τε
1477 1211 1751 1264 ἀποφαίνουσι
1784 1212 1853 1254 καὶ
1887 1212 2081 1265 σφοδρούς
2111 1237 2198 1263 —‚

621 1279 887 1332 ἀθυμοτέρους
935 1297 987 1331 γε
1035 1282 1116 1332 μὴν
1157 1281 1236 1329 τας
1280 1280 1542 1333 διαμαρτίας.
1608 1279 1752 1323 Oratio
1801 1281 1959 1323 Graeca
2007 1283 2089 1324 erit
2136 1283 2198 1324 sio

622 1349 808 1403 scripta:
841 1350 1107 1404 άθυμοτέρους
1137 1366 1190 1401 γε
1215 1350 1296 1402 μὴν
1340 1350 1480 1392 κατα
1513 1350 1590 1397 τας
1620 1350 1892 1403 διαμαρτίας,
1926 1349 1969 1392 id
2003 1355 2068 1393 est.
2098 1349 2196 1394 ὅταν

620 1417 909 1470 διαμάρτωσιν.

680 1487 798 1529 Alter
838 1488 957 1530 locus
999 1488 1136 1531 παῖδα
1183 1489 1363 1537 ἀθλητὴν
1407 1488 1784 1536 ἀποδύσαντες
1827 1487 2104 1542 γυμνάζουσιν
2146 1491 2199 1538 ὥς

621 1557 692 1606 ἤδη
725 1556 851 1610 ἄνδρα
884 1571 983 1600 cum
1018 1559 1151 1601 altero
1183 1558 1274 1601 loco
1307 1559 1568 1613 compositus
1601 1571 1744 1600 veram
1781 1558 2004 1601 lectionem
2039 1558 2198 1602 indica·

620 1625 683 1668 hit
716 1632 758 1668 et
793 1627 993 1670 stabiliet.
1059 1628 1235 1683 Legitur
1267 1641 1308 1683 p.
1345 1630 1422 1670 40:
1475 1628 1639 1670 Τούτων
1686 1627 1758 1670 ὧδέ
1789 1645 1857 1679 μοι
1891 1629 2103 1681 εἰρημένων
2134 1632 2193 1681 μὴ

620 1696 666 1738 τὸ
698 1696 924 1749 γυμνάζειν
966 1698 1161 1748 ἡγώμεθα
1201 1696 1369 1740 ἕπεσθαι
1416 1697 1571 1744 τούτοις
1617 1698 1734 1740 ἄλλα
1782 1698 1873 1740 καὶ
1919 1700 2198 1744 α’ποδιΐςα-

622 1767 742 1808 σθαι
786 1767 852 1808 τὸν
895 1766 1203 1819 γυμναζόμενον
1252 1766 1320 1809 καὶ
1370 1766 1410 1814 ἐς
1458 1767 1701 1818 δοκιμασίαν
1753 1774 2074 1817 καταςῆσαι
2124 1775 2198 1818 τῆς

621 1835 785 1889 φύσεως
818 1833 895 1888 ὅπῃ
927 1852 973 1877 τε
1007 1836 1226 1886 σύγκειται
1270 1836 1339 1879 καὶ
1385 1837 1479 1889 πρὸς
1512 1835 1546 1878 ὅ.
1613 1837 1692 1878 ΡιὌ
1727 1836 1847 1878 nihili
1880 1837 2006 1879 verbo
2045 1839 2200 1882 άποδιΐ-

622 1906 770 1948 ςασθαι
806 1904 941 1959 palam
980 1910 1043 1946 est
1087 1906 1292 1947 ἀποδῦσαι
1333 1906 1479 1961 reponi
1514 1911 1738 1961 oportere,
1774 1906 1899 1962 idque
1933 1908 2071 1962 ipsum
2110 1908 2200 1966 (sed

621 1974 825 2016 ἀποδύσαι
867 1973 1093 2032 scriptum)
1139 1980 1358 2030 tamquam
1405 1988 1453 2017 ex
1499 1974 1650 2018 Codice
1692 1976 1840 2033 Mynas
1871 1975 2019 2019 edidit.
2088 1977 2200 2021 Satis

622 2043 898 2099 perspicuum
933 2049 997 2086 est
1025 2056 1153 2094 eum,
1187 2057 1319 2100 quum
1353 2051 1478 2086 antea
1511 2045 1768 2100 scripturam
1803 2045 1968 2088 Codicis
2000 2047 2199 2103 expedire

623 2127 705 2155 non
742 2113 976 2169 potuisset,
1012 2113 1184 2156 tandem
1229 2115 1412 2170 repetita
1453 2114 1633 2157 lectione
1667 2128 1810 2157 veram
1845 2115 2066 2159 lectionem
2099 2119 2200 2161 άπο-

623 2183 743 2225 δῦσαι
777 2183 1007 2227 extudisse.
1074 2183 1208 2236 Quam
1240 2190 1382 2226 autem
1416 2185 1662 2240 imperitum
1698 2190 1739 2227 et
1772 2184 2025 2228 Graecitatis
2057 2192 2098 2230 et
2129 2187 2201 2231 Co·

625 2252 768 2294 dicum
813 2251 1089 2307 legendorum
1131 2266 1223 2296 esse
1256 2259 1378 2309 putes
1411 2267 1537 2304 eum,
1584 2255 1657 2310 qui
1690 2256 1879 2310 potuerit
1913 2256 1955 2297 in
1998 2256 2071 2299 tali
2111 2257 2201 2301 loco

624 2322 913 2366 άποδιΐςασθαι
954 2322 1166 2372 scribere,
1210 2322 1461 2365 vocabulum
1496 2323 1619 2379 plane
1650 2324 1774 2366 nihili
1807 2330 1847 2366 et
1880 2324 1987 2367 nihil
2027 2340 2203 2382 prorsus

625 2391 886 2446 significans.
953 2392 1062 2444 Quid
1108 2393 1359 2448 Interpres?
1410 2393 1469 2434 »ll
1512 2392 1601 2435 saut
1635 2407 1786 2436 encore
1829 2394 1954 2436 {soler
1985 2396 2094 2438 celui
2129 2398 2203 2453 qui

627 2461 714 2502 doit
749 2475 792 2503 se
818 2462 949 2503 livrer
981 2475 1060 2504 aux
1096 2462 1355 2505 exercices.’'
1417 2462 1691 2505 Commentus
1723 2469 1786 2506 est
1818 2463 1979 2520 aliquid
2012 2465 2062 2509 de
2093 2480 2199 2518 sun,

626 2537 675 2573 ut
708 2531 841 2573 vides.
905 2531 952 2572 In
985 2544 1074 2587 sqq.
1109 2532 1310 2574 vitiosum
1344 2537 1408 2574 est
1439 2538 1698 2582 καταςῆσαιε
1735 2546 1831 2575 vera
1860 2533 1986 2576 lectio
2018 2541 2082 2577 est
2121 2553 2201 2579 κα-

626 2606 801 2648 ταςῆναι
835 2599 963 2655 idque
991 2602 1032 2643 in
1064 2601 1214 2645 Codice
1255 2607 1371 2645 recte
1403 2603 1609 2658 scriptum
1647 2616 1739 2645 esse
1772 2603 1979 2658 suspicor.
2042 2605 2201 2662 Nempe

628 2671 668 2718 ἐς
700 2671 943 2722 δοκιμασίαν
985 2678 1294 2721 καταςῆναι
1335 2672 1551 2728 eleganter
1578 2672 1736 2716 Graece
1770 2673 1867 2728 poni
1900 2673 2005 2716 solet
2034 2688 2110 2731 pro
2143 2677 2202 2719 δο-

628 2740 834 2791 κιμάσαι,
879 2740 1126 2796 pervulgato
1159 2742 1397 2784 Atticorum
1433 2747 1474 2785 et
1504 2742 1802 2785 Atticistarum
1843 2755 1986 2793 more,
2020 2745 2091 2799 qui
2126 2758 2202 2801 pro

628 2816 895 2861 πολεμῆσαι,
928 2812 1206 2863 κινδυνεῦσαι,
1238 2814 1503 2865 πειραθῆναι,
1536 2813 1794 2864 βασανίσαι,
1827 2814 2107 2863 ἀγωνίσασθαι
2141 2815 2201 2858 di-

629 2880 779 2922 cebant
811 2887 1042 2930 καταςῆναι
1074 2883 1130 2930 εἷς
1163 2882 1373 2934 πόλεμον,
1415 2881 1616 2932 κίνδυνον,
1649 2888 1815 2936 πεῖραν,
1847 2883 2058 2934 βάσανον,
2091 2885 2201 2936 02ch-

630 2965 708 2999 να,
741 2949 906 3006 aliaque
940 2951 1150 3007 permulta
1185 2950 1505 2995 eiusdemmodi.
1572 2951 1647 2993 Hic
1680 2952 1815 3008 igitur
1847 2952 1950 2996 levis
1983 2966 2102 2996 error
2136 2961 2200 2997 cst
