2366 3540
206 1264 411 1307 Minoides
446 1264 621 1321 Mynas,
666 1264 789 1307 homo
822 1264 1034 1315 Graecus,
1080 1271 1178 1309 ante
1210 1266 1286 1310 hos
1319 1281 1474 1324 paucos
1505 1282 1639 1312 annos
1671 1283 1724 1313 ex

147 1334 279 1376 Gallia
311 1333 478 1389 publice
509 1335 551 1376 in
586 1333 806 1377 Graeciam
854 1335 1010 1377 missus
1047 1340 1092 1377 ut
1131 1336 1322 1393 undique
1364 1340 1621 1394 scriptorum
1656 1353 1722 1383 ve·

146 1408 286 1445 terum
321 1403 493 1446 Codices
526 1404 621 1446 Mss.
658 1404 878 1459 indagaret
920 1410 962 1447 et
993 1405 1027 1446 si
1062 1405 1163 1460 quid
1196 1408 1423 1462 reperisset
1456 1414 1529 1450 aut
1562 1415 1725 1452 emeret

148 1479 222 1515 ant
255 1473 538 1523 describeret,
586 1487 635 1516 ex
670 1487 717 1516 eo
751 1475 903 1517 itinere
943 1479 985 1517 et
1017 1475 1100 1517 alia
1141 1477 1290 1519 retulit
1322 1484 1363 1521 et
1402 1478 1647 1521 Philostrati
1677 1479 1723 1521 li-

145 1542 270 1585 brum
306 1556 432 1598 quem
467 1543 555 1598 ipse
589 1543 646 1585 ita
680 1543 909 1586 describit:

208 1611 517 1662 »Philostrate,
564 1625 639 1654 sur
679 1612 789 1653 &Art
819 1615 1122 1669 qymnasle'que.
1187 1615 1241 1657 Ce
1285 1617 1440 1667 trane,
1474 1618 1576 1660 dont
1609 1618 1722 1674 quel-

147 1695 250 1737 ques
283 1681 517 1732 l'ragments
552 1683 751 1724 viennent
785 1682 921 1725 d’etre
956 1682 1119 1738 publies
1150 1685 1172 1726 ἐι
1203 1684 1399 1740 Leipzick
1427 1700 1504 1742 par
1529 1688 1581 1730 Μ.
1615 1689 1723 1745 Kay-

146 1765 241 1802 ser,
286 1753 469 1794 consiste
502 1765 553 1793 en
587 1765 644 1794 un
683 1752 920 1794 manuscrit
964 1753 1005 1794 in
1042 1755 1104 1794 40.
1139 1752 1190 1796 de
1225 1757 1280 1797 20
1315 1768 1473 1810 pages,
1521 1757 1630 1799 ecrit
1672 1771 1722 1799 en

146 1822 386 1864 caracteres
418 1822 688 1870 tres-serrem
735 1835 834 1864 avec
868 1835 915 1864 ce
949 1823 1021 1877 qui
1056 1823 1142 1864 suit
1183 1829 1227 1865 et
1258 1837 1307 1866 ce
1341 1825 1413 1880 qui
1450 1826 1658 1881 precede,
1695 1827 1724 1868 il

145 1890 279 1932 forme
312 1904 362 1933 en
396 1896 484 1933 tout
519 1894 574 1934 52
609 1905 737 1947 peges
767 1896 808 1933 et
842 1897 905 1934 est
939 1891 1072 1934 divise
1112 1906 1163 1935 en
1193 1892 1305 1935 deux
1337 1894 1504 1937 cahiers
1537 1909 1618 1951 que
1645 1896 1724 1951 j'ai

147 1961 299 2002 sauves
344 1960 394 2002 de
438 1960 477 2002 la
526 1962 783 2016 pourriture.
849 1961 903 2003 Ge
935 1962 1008 2016 qui
1044 1962 1225 2017 precede
1272 1969 1337 2005 est
1382 1977 1464 2007 une
1496 1966 1632 2020 partie
1665 1965 1723 2008 du

146 2029 340 2085 dialogue
374 2030 422 2072 de
453 2030 638 2074 Phoenix
671 2036 712 2073 et
745 2030 1038 2087 d'Ampelion;
1083 2044 1131 2074 ce
1164 2032 1237 2087 qui
1274 2033 1361 2074 suit
1393 2039 1456 2076 est
1494 2034 1640 2078 relatis
1667 2048 1723 2078 au

146 2099 242 2143 stile
270 2099 557 2156 epistolaire.''

782 2171 1010 2227 <Moniteur
1043 2170 1101 2213 du
1136 2175 1160 2213 5
1189 2171 1362 2215 Janvier
1394 2173 1541 2231 1844).

207 2309 473 2365 Quamquam
509 2308 610 2352 fides
643 2309 858 2359 hominis,
894 2316 942 2352 ut
975 2311 1120 2353 statim
1155 2311 1403 2368 apparebit,
1437 2313 1623 2358 sublesta
1653 2316 1723 2358 ad-

145 2379 318 2422 modum
363 2385 426 2421 est
469 2392 516 2421 ac
563 2393 690 2435 prope
739 2379 1010 2430 Simonidea,
1061 2394 1319 2437 quamquam
1354 2396 1478 2425 nemo
1516 2397 1722 2440 umquam

145 2449 264 2491 illum
297 2449 492 2491 Codicem
538 2449 671 2492 oculis
705 2451 795 2492 suis
838 2451 1088 2506 usurpavit,
1135 2456 1276 2493 tamen
1317 2452 1431 2494 nulla
1465 2460 1528 2496 est
1559 2454 1721 2498 dubita·

143 2520 204 2561 tio
236 2520 339 2575 quin
372 2520 520 2576 Mynas
550 2525 734 2562 veterem
768 2519 922 2561 librum
953 2521 1028 2562 Ms.
1067 2521 1107 2561 in
1140 2534 1221 2576 quo
1249 2521 1320 2563 illa
1354 2536 1460 2577 quae
1488 2523 1591 2566 dicit
1626 2539 1721 2567 con-

144 2589 363 2631 tineantur
397 2589 608 2631 incertum
644 2603 726 2645 quo
754 2589 842 2631 loco
872 2594 1088 2645 repertum
1124 2590 1241 2647 (nam
1285 2592 1328 2632 in
1363 2605 1410 2633 eo
1442 2606 1609 2649 quoque
1642 2595 1723 2637 sibi

144 2659 234 2714 ipse
267 2671 348 2699 non
386 2658 567 2716 constat)
619 2672 669 2701 ex
703 2659 774 2701 illo
820 2660 975 2702 itinere
1021 2673 1168 2702 secum
1208 2662 1251 2702 in
1291 2661 1468 2704 Galliam
1510 2664 1719 2707 attulerit.

146 2728 259 2771 Satis
290 2728 395 2770 mihi
424 2729 594 2784 quidem
626 2728 677 2771 de
707 2742 754 2771 ea
792 2742 836 2771 re
874 2734 1042 2771 constat
1070 2734 1111 2771 et
1140 2743 1190 2771 ex
1232 2730 1342 2773 bona
1388 2737 1507 2787 parte
1549 2746 1723 2785 eorum,

139 2812 217 2841 uae
250 2812 301 2840 ex
342 2798 410 2839 illo
450 2798 602 2840 Codice
644 2798 758 2841 edita
807 2804 940 2848 sunt,
995 2812 1104 2854 quae
1152 2798 1205 2841 ab
1243 2800 1335 2855 ipso
1381 2801 1638 2845 Philostrato
1676 2805 1720 2846 in

144 2868 295 2923 qibello
327 2868 414 2921 περὶ
450 2875 708 2919 rusam-rme
742 2870 902 2924 scripta
935 2882 1025 2911 esse
1058 2868 1151 2911 luce
1189 2869 1347 2913 clarius
1380 2877 1466 2921 est,
1513 2877 1553 2914 et
1588 2886 1638 2915 ex
1671 2874 1725 2916 iis

143 2936 262 2993 lipsis
295 2952 402 2995 quae
436 2938 582 2996 Mynas
615 2938 737 2983 homo
768 2938 1028 2984 semidoctus
1062 2938 1112 2983 de
1144 2946 1396 2996 argumento
1436 2940 1535 2985 libri
1563 2942 1726 2987 retulit.

1413 3014 1427 3041 Ι,
