2366 3540
1416 249 1437 286 2
1455 237 1460 239 ,

638 364 717 408 Ubi
749 364 921 407 scribit:
968 362 1048 405 »Ce
1081 362 1154 418 qui
1187 359 1368 416 precede
1409 365 1473 403 est
1519 371 1601 400 une
1641 357 1777 413 partie
1813 356 1870 400 du
1916 356 2109 412 dialogue
2157 355 2207 398 de

638 433 825 477 Phoenix
873 439 915 476 et
950 430 1269 486 d’Ampelion,'’
1319 442 1400 470 non
1434 426 1540 468 vidit
1580 439 1671 468 esse
1714 425 1815 467 haec
1862 432 2024 481 partem
2072 424 2208 467 Philo-

639 503 762 546 strati
797 502 1070 545 Heroicorum
1092 533 1103 550 ,
1136 500 1177 540 iu
1213 512 1295 554 quo
1328 497 1435 541 libro
1464 500 1674 538 mercator
1701 507 1750 536 ex
1783 494 2008 536 Phoenicia
2043 492 2206 550 (Φοίνιξ)

639 578 680 614 et
715 573 873 613 vinitor
923 567 1245 627 (ἁμπελσυργός)
1281 569 1393 609 inter
1431 579 1476 608 se
1521 563 1859 606 confabulantur.
1925 563 2043 615 Quod
2075 564 2210 617 igitur

639 643 683 683 in
729 640 837 682 libro
879 638 1232 681 interlocutorum
1269 635 1442 678 nomina
1480 633 1530 676 de
1564 646 1680 675 more
1719 632 1972 675 detruncata
2020 632 2124 673 Φοίυ.
2169 635 2211 672 et

639 713 823 762 Ἀμπελ.
858 709 1014 764 passim
1047 707 1237 763 apposita
1276 705 1411 754 vidit,
1456 704 1698 758 suspicatus
1732 707 1796 744 est
1828 714 1918 743 esse
1968 714 2052 742 »un
2084 699 2209 741 dialo-

641 794 722 835 gue
766 778 817 820 de
860 778 1045 820 Phoenix
1089 782 1130 818 et
1175 773 1486 829 d'Ampeliou.”
1550 771 1668 824 Quod
1703 770 1845 813 addit:
1893 783 1966 812 »ce
2009 770 2081 825 qui
2125 768 2212 810 suit

641 854 706 892 est
736 847 882 890 relatif
910 860 964 888 au
998 845 1094 888 stile
1140 843 1425 899 epistolaire'’
1471 854 1518 883 ea
1552 840 1656 883 dicit
1689 853 1797 895 quae
1840 839 2042 894 leguntur
2075 837 2212 880 Philo-

642 918 766 960 strati
798 915 1001 972 Epistolis
1044 913 1233 956 subiecta
1262 911 1373 967 apud
1414 911 1651 967 Kayserum
1698 910 1742 950 in
1775 914 1894 964 parte
1926 908 1978 950 ΙΙ.
2025 922 2065 964 p.
2099 909 2210 949 564:

640 989 708 1030 τὸν
740 986 968 1032 ἐπιςολικὸν
999 988 1248 1036 χαρακτῆρσι
1280 984 1349 1022 τοῦ
1382 979 1507 1030 λόγου
1540 980 1627 1020 mi.

703 1056 780 1099 Ubi
815 1055 948 1110 igitur
980 1051 1227 1095 Philostrati
1258 1049 1445 1092 libellum
1477 1047 1563 1101 περὶ
1598 1050 1881 1098 Γυμνοιςικῆς,
1914 1059 2038 1101 quem
2068 1058 2213 1087 omnes

642 1126 742 1169 olim
784 1129 954 1181 praeter
996 1128 1144 1164 tenues
1188 1119 1391 1175 quasdam
1434 1118 1636 1173 reliquias
1680 1115 1951 1159 intercidisse
1987 1113 2213 1170 opinaban-

643 1202 741 1245 tur,
790 1195 1003 1249 insperato
1044 1192 1086 1232 in
1120 1190 1258 1232 lucem
1300 1188 1481 1230 rediisse
1518 1192 1633 1229 certa
1670 1185 1750 1228 fide
1797 1185 2012 1233 innotuit,
2062 1196 2110 1225 ea
2146 1196 2215 1225 res

643 1271 685 1309 et
717 1264 820 1307 alios
861 1262 1134 1304 vehementer
1167 1259 1423 1308 commovit,
1474 1256 1545 1299 sed
1577 1261 1676 1298 ante
1705 1268 1850 1297 omnes
1890 1255 2030 1295 virum
2062 1253 2215 1294 doctis·

642 1336 800 1378 simum
833 1332 875 1374 C.
914 1329 1200 1383 Dammberg,
1235 1326 1446 1369 medicum
1481 1325 1740 1367 Graecarum
1782 1323 2042 1365 Litterarum
2072 1334 2216 1364 aman-

642 1404 888 1452 tissimum,
922 1400 994 1455 qui
1026 1412 1101 1454 per
1133 1403 1316 1454 quatuor
1349 1408 1481 1437 annos
1525 1393 1631 1435 nihil
1665 1394 1925 1434 intentatum
1960 1392 2133 1448 reliquit
2169 1396 2218 1434 ut

642 1473 723 1515 sibi
756 1472 870 1514 illius
904 1469 1002 1511 libri
1034 1465 1314 1522 cognoscendi
1348 1465 1467 1507 tieret
1514 1463 1646 1519 copia.
1711 1462 1765 1504 Et
1804 1461 1997 1504 Codicem
2044 1460 2216 1516 quidem

641 1544 782 1599 ipsum
818 1539 934 1582 nullo
965 1551 1169 1593 umquam
1203 1540 1323 1592 pacto
1353 1533 1545 1576 nancisci
1580 1533 1744 1588 potuit,
1778 1531 1850 1574 sed
1884 1544 2015 1587 quum
2050 1544 2218 1573 summa

641 1625 718 1668 ope
745 1611 923 1652 instaret
948 1607 1116 1650 tandem
1155 1611 1306 1648 nactus
1336 1610 1400 1646 est
1429 1602 1718 1659 apographum
1748 1602 1883 1657 ipsius
1912 1602 2062 1658 Mynae
2087 1614 2216 1643 manu

642 1680 935 1735 descriptum,
985 1676 1096 1719 unde
1146 1688 1281 1730 nuper
1325 1686 1479 1715 novum
1528 1671 1775 1714 Philostrati
1822 1670 2010 1713 libellum
2061 1670 2218 1713 Graece

643 1763 741 1794 cum
774 1749 967 1791 versione
1007 1745 1164 1788 Gallica
1209 1756 1385 1799 propere
1430 1741 1562 1784 edidit
1604 1740 1899 1783 annotationes
1929 1754 1974 1783 se
2021 1754 2115 1782 mox
2148 1740 2217 1783 da-

644 1827 791 1863 turum
826 1817 1038 1873 pollicitus
1070 1815 1117 1872 1).
1181 1813 1339 1868 Nempe
1382 1825 1514 1868 quum
1549 1809 1743 1853 eruditus
1775 1810 1964 1852 Medicus
2010 1811 2051 1852 iu
2099 1810 2217 1852 ador-

643 1888 783 1933 nanda
831 1886 1015 1929 editione
1061 1883 1322 1933 elaboraret,
1371 1894 1468 1924 ecce
1509 1885 1681 1936 repente
1714 1881 1802 1936 ipse
1845 1881 1993 1937 Mynas
2035 1880 2217 1922 eundem

643 1959 800 2001 librum
834 1956 977 1999 emisit
1005 1955 1047 1995 in
1081 1953 1246 2002 lucem,
1289 1965 1373 2008 qua
1406 1965 1452 1994 re
1492 1951 1664 2006 cognita
1703 1949 1987 2005 Darembergo
2021 1963 2220 2006 rumpere

643 2041 785 2071 moras
814 2025 974 2079 placuit
1004 2028 1045 2065 et
1085 2022 1196 2078 quod
1226 2027 1421 2077 paratum
1455 2026 1564 2063 esset
1596 2020 1741 2062 statim
1775 2019 1986 2074 evulgare.

702 2098 864 2139 Bonum
899 2093 1089 2143 sactum,
1125 2092 1320 2147 inquies,
1357 2090 1606 2132 habebimus
1636 2090 1747 2131 enim
1787 2088 2032 2131 Philostrati
2063 2102 2218 2131 novum

642 2167 833 2210 libellum
867 2177 948 2206 non
990 2163 1119 2204 unius
1147 2161 1218 2203 sed
1253 2161 1434 2203 duorum
1470 2159 1551 2202 [ide
1585 2166 1626 2202 et
1659 2173 1763 2201 cura
1795 2164 1836 2201 et
1878 2159 2040 2201 editum
2081 2164 2122 2200 et
2152 2172 2219 2200 ex-

644 2237 839 2294 politum.
913 2232 1031 2274 Alter
1075 2230 1365 2286 apographum
1417 2229 1642 2285 sequitur,
1691 2228 1798 2271 alter
1843 2229 1983 2284 ipsum
2025 2227 2219 2270 Codicem

646 2321 728 2363 quo
758 2305 940 2348 certiore
972 2302 1050 2344 fide
1088 2301 1138 2343 de
1171 2301 1372 2356 antiquae
1405 2300 1645 2354 scripturae
1687 2299 1943 2340 anctoritate
1970 2303 2010 2340 et
2040 2299 2221 2340 veritate

645 2375 871 2419 constabit.
939 2371 1048 2422 Sed,
1084 2376 1127 2412 ut
1163 2369 1274 2426 apud
1310 2368 1605 2426 Thucydidem
1639 2373 1733 2420 est,
1768 2367 1946 2421 ἄρχεται
1980 2369 1996 2409 ὁ
2039 2367 2220 2418 πόλεμος

647 2447 792 2490 ἐνθένδε
824 2445 912 2493 ἤδη.
979 2440 1116 2483 Codex
1147 2445 1188 2482 et
1227 2438 1517 2496 apographum
1560 2439 1673 2480 inter
1712 2451 1756 2480 se
1802 2443 1996 2493 pugnant
2028 2443 2070 2480 et
2109 2437 2220 2479 fron-

648 2518 760 2560 tibus
807 2513 995 2556 adversis
1041 2516 1316 2553 concurrunt.
1393 2508 1587 2551 Codicem
1636 2509 1773 2564 ipsum
1823 2520 1945 2549 nemo
1992 2506 2126 2550 vidit:
2176 2507 2219 2548 iu

647 2584 886 2642 apographo
932 2582 1088 2637 passim
1136 2594 1187 2622 ex
1234 2578 1559 2635 interpolatione
1598 2579 1762 2620 incerta
1801 2582 1842 2619 et
1879 2576 2079 2632 ambigua
2115 2576 2222 2618 scri-

647 2662 773 2713 ptura
804 2659 891 2703 est,
919 2651 971 2694 de
1004 2664 1085 2707 qua
1118 2663 1165 2693 re
1195 2651 1485 2706 interrogatus
1512 2648 1660 2706 Mynas
1693 2647 1982 2703 discrepantes
2018 2652 2058 2689 et
2092 2647 2221 2689 inter-

700 2843 969 2895 1)P111LOSTRATE
995 2852 1101 2883 Traite
1144 2862 1201 2882 sur
1242 2851 1273 2881 la
1315 2849 1555 2890 Gymnastiquc
1597 2847 1694 2878 Tcxtc
1737 2847 1820 2877 Grec
1861 2846 2081 2886 accompagn&
2119 2843 2220 2874 d’une

647 2906 834 2937 traduction
877 2916 919 2935 en
956 2905 1072 2945 rcgard
1100 2908 1134 2934 et
1161 2905 1201 2935 dc
1232 2906 1327 2934 notes
1357 2911 1414 2944 par
1442 2902 1497 2932 Cu.
1526 2901 1722 2931 Dmtnnzuc
1766 2898 2017 2930 Bibliothecaire
2047 2898 2087 2929 de
2116 2897 2146 2928 la
2173 2896 2223 2927 Bi-

645 2958 839 2999 bliothcque
868 2958 1037 2991 Mazarine.
1095 2957 1193 2989 Paris.
1237 2955 1417 2987 novembre
1449 2954 1559 2986 1858.
