2316 3491
1314 234 1368 272 6⁶).

550 358 612 395 est
647 350 738 398 ἑέλις
773 350 927 392 κεῖσθαι
963 353 1004 390 et
1034 348 1129 402 quis
1162 358 1362 401 umquam
1403 345 1472 388 illo
1500 346 1622 388 modo
1654 346 1820 389 locutus
1852 348 1943 391 est?
1994 347 2120 390 Grae-

550 435 647 464 cum
683 426 746 462 est
775 419 842 460 καὶ
883 421 960 459 τῶν
990 418 1175 459 τοιούτων
1207 417 1282 466 μὲν
1315 414 1408 462 ἅλις
1428 449 1438 464 ,
1486 415 1596 470 quod
1629 429 1652 457 a
1684 415 1763 457 loci
1808 417 2017 459 sententia
2051 415 2119 458 ab·

550 490 708 532 horret.
786 486 904 539 Quod
950 488 1152 528 continuo
1191 485 1386 540 sequitur
1433 498 1491 526 vs.
1530 487 1570 526 2.
1621 484 1837 533 ἐνδείξαιτο
1876 486 1918 527 in
1952 485 2118 538 verbis:

549 558 780 603 ἀποδόντας
826 557 866 598 δὲ
910 561 1023 603 κλεῖς
1068 556 1118 598 ἂν
1163 554 1473 604 ἐνδείξαιτο
1521 554 1633 602 κοίλη
1669 554 1823 595 vitium
1856 554 1944 596 alit.
2007 553 2120 596 Indi·

550 628 657 670 cium
693 629 831 684 facere
872 631 935 667 est
968 625 1235 675 ἐνδεικνύναι,
1281 637 1361 665 non
1407 624 1704 672 ἐνδείκνυσθαι,
1754 622 2028 679 quamobrem
2065 624 2122 664 ἐν·

550 696 692 746 δείξειε
725 696 837 743 κοίλη
874 694 1185 736 restituendum
1220 706 1382 736 censeo.

611 765 840 808 Mirificum
885 770 948 806 est
992 763 1102 818 quod
1143 763 1300 818 legitur
1348 777 1387 818 p.
1420 765 1503 813 84,
1540 766 1589 804 7:
1639 763 1767 813 βολαί
1807 778 1853 804 τε
1901 763 2125 816 ὀφθαλμῶν

552 834 868 885 πεπλανημέναι
918 832 987 874 καὶ
1021 834 1072 874 τὸ
1116 834 1335 885 ε’ράσθαι
1385 832 1682 874 δοκούντων
1726 832 2126 883 ἀποσημαίνου-

553 920 656 947 σαι.
730 904 980 957 Interpres,
1031 914 1156 956 quem
1203 900 1310 942 nihil
1354 900 1592 950 absterret,
1635 899 1847 942 reddidit:
1897 900 1959 942 »le
2007 899 2128 955 globe

554 975 627 1017 des
656 987 766 1031 yeux
795 996 854 1003 —-
881 973 1069 1027 presente
1108 971 1167 1012 les
1195 971 1332 1026 signes
1373 971 1444 1012 des
1487 984 1587 1025 qens
1619 969 1891 1010 amourenoe.’'
1957 968 2128 1011 Scilicet

554 1045 660 1087 haec
691 1043 895 1084 dicuntur
927 1040 978 1082 de
1017 1041 1098 1090 iis,
1143 1053 1247 1096 qnos
1287 1053 1390 1082 cura
1433 1045 1473 1081 et
1507 1037 1746 1080 sollicitudo
1789 1043 2010 1093 torqueat,
2055 1039 2128 1094 qui

557 1113 766 1171 quomodo
813 1116 985 1166 repente
1034 1123 1082 1152 ex
1131 1123 1275 1152 amore
1320 1109 1522 1164 languere
1566 1108 1784 1163 coeperint
1831 1121 1911 1149 non
1956 1113 2128 1163 exputo.

558 1185 781 1226 Praeterea
814 1193 920 1237 quac
953 1184 1017 1222 est
1049 1179 1270 1221 verborum
1304 1179 1561 1221 Graecorum
1597 1176 1878 1232 compositio?
1942 1176 2004 1218 An
2038 1177 2130 1230 ἐροῖν

559 1260 598 1296 et
629 1254 793 1306 ἐρᾶσθαι
833 1256 896 1294 est
940 1249 1081 1292 idem?
1133 1251 1184 1292 Οἱ
1219 1251 1380 1302 ἐρῶντες
1409 1262 1430 1290 e
1462 1247 1581 1289 vultu
1626 1246 1822 1301 cognosci
1857 1252 2061 1302 possunt,
2097 1248 2130 1289 οἱ

559 1324 740 1377 ἐρώμενοι
782 1333 861 1362 non
903 1320 1020 1361 item.
1100 1319 1332 1361 Haeremus
1381 1318 1422 1359 in
1473 1316 1617 1359 eodem
1662 1315 1776 1363 luto,
1828 1316 1869 1357 in
1914 1330 1996 1371 quo
2042 1321 2129 1358 tam

559 1405 683 1447 saepe
715 1396 854 1432 antea.
920 1388 1008 1430 Non
1045 1389 1187 1430 minus
1217 1393 1460 1444 portentosa
1490 1386 1530 1426 in
1566 1385 1721 1427 vicinia
1759 1391 1992 1441 apparent,
2025 1398 2133 1440 quae

560 1462 660 1517 quia
708 1457 935 1501 emendare
977 1471 1058 1498 non
1108 1471 1278 1513 possum
1322 1456 1490 1498 silentio
1533 1454 1781 1510 praeteribo.
1858 1455 2044 1497 Pessime
2088 1455 2131 1496 in

559 1530 708 1587 paucis
742 1532 970 1583 corruptus
1002 1532 1065 1569 est
1093 1526 1210 1569 locus
1244 1541 1281 1583 p.
1315 1529 1396 1576 86,
1435 1527 1513 1566 12:
1547 1524 1829 1576 μετερχέοθων
1860 1541 1907 1566 τε
1936 1530 2130 1577 γυμναςῇ

559 1613 694 1656 usque
727 1598 778 1641 ad
811 1601 881 1640 τοῦ
915 1613 961 1639 τε
999 1597 1260 1647 ἀπομάττειν
1296 1594 1669 1646 ἀπολιμπάνοντες.
1735 1594 1963 1649 Interpreti
1991 1593 2132 1645 μετέρ-

559 1686 692 1723 χομαι
738 1675 932 1720 γυμναςῇ
968 1672 1030 1708 est
1081 1668 1146 1720 »jo
1179 1668 1285 1708 m’en,
1328 1672 1519 1722 rapporle
1558 1679 1612 1706 αιι
1657 1664 1918 1720 qymnaslc.”
1951 1668 1992 1704 et
2033 1664 2132 1704 ἀπο-

560 1739 754 1790 λιμπάνεο
786 1742 855 1780 τοῦ
889 1736 1149 1788 ἀπομάττειν
1186 1738 1250 1791 »J'e
1277 1750 1326 1777 ne
1358 1750 1421 1777 me
1449 1735 1533 1791 sais
1559 1748 1637 1790 pas
1668 1747 1835 1789 essuyer
1866 1732 1986 1787 apres
2012 1732 2134 1774 l'onc·

561 1809 688 1851 {ion.'’
755 1808 956 1862 Suspicor
999 1806 1131 1861 igitur
1163 1805 1423 1856 ἀπομάττειν
1467 1804 1612 1846 eodem
1644 1816 1771 1845 sensu
1818 1816 1900 1858 quo
1941 1801 2133 1852 ἀπομάτ-

561 1880 702 1921 τεσθαι
737 1876 787 1918 ab
820 1890 867 1918 eo
901 1875 1050 1930 accipi.
1114 1877 1236 1917 Ἀλλ’
1267 1875 1354 1926 ἐμοὶ
1398 1876 1472 1925 μὲν
1505 1879 1582 1916 τῶν
1616 1872 1802 1915 τοιούτων
1840 1870 1964 1921 ἅλις,
1997 1884 2135 1926 neque

562 1947 745 2002 amplius
782 1945 880 1987 talia
915 1944 1171 1998 redarguere
1202 1945 1332 1986 iuvat.

621 2015 776 2058 Facilis
809 2020 874 2057 cst
908 2013 986 2055 loci
1021 2014 1213 2069 corrupti
1247 2012 1486 2055 emendatio
1519 2025 1558 2068 p.
1584 2015 1664 2062 88,
1699 2015 1751 2053 5:
1785 2012 1833 2053 Εἰ
1866 2011 1906 2052 δὲ
1940 2009 1985 2059 ἐξ
2010 2011 2134 2064 ἀφρο-

560 2087 720 2134 δισίων,
767 2084 834 2127 καὶ
874 2083 1036 2135 ἄμεινον
1071 2084 1146 2134 μὲν
1187 2084 1244 2133 μὴ
1284 2081 1522 2135 γυμνάζειν.
1589 2081 1725 2124 Stulte
1769 2080 1956 2122 abundat
1993 2081 2064 2122 καί
2096 2085 2138 2122 ΕΙ,

562 2155 800 2211 requiritur
847 2152 1021 2196 verbum
1075 2152 1186 2208 quod
1229 2165 1278 2194 ex
1323 2153 1355 2194 εἰ
1405 2150 1702 2206 suspendatur.
1781 2150 1949 2192 Nemini
1998 2150 2137 2200 enim,

564 2238 712 2281 spero,
758 2224 897 2266 veniet
942 2223 982 2264 in
1028 2228 1213 2264 mentem
1263 2221 1428 2277 ellipsin
1473 2220 1699 2276 quamdam
1735 2221 1779 2261 in
1818 2219 1861 2261 h.
1894 2219 1920 2260 l.
1965 2219 2136 2261 commi-

564 2296 672 2337 nisci
722 2306 770 2335 ac
825 2295 932 2349 ferri
968 2306 1086 2348 posse
1132 2297 1295 2347 putare.
1371 2290 1587 2333 Emenda:
1637 2291 1685 2332 ΕΞ
1729 2290 1769 2331 δὲ
1808 2288 1852 2339 ἐξ
1898 2290 2137 2342 ἀφροδισίων

565 2364 730 2414 ἥκοιεν
778 2362 942 2414 ’ἀμεινον
982 2362 1057 2413 μέν
1091 2363 1175 2403 κτὲ.
1223 2360 1578 2415 quemadmodum
1624 2364 1739 2402 recte
1782 2358 1940 2413 legitur
1984 2372 2023 2414 p.
2053 2361 2137 2408 82,

566 2437 646 2476 16:
681 2434 772 2481 τοὺς
808 2433 848 2475 δὲ
883 2430 928 2482 ἐξ
964 2431 1203 2486 ἀφροδισίων
1238 2429 1464 2479 ἥκοντας
1496 2429 1826 2482 γυμναζομένους
1858 2429 1986 2471 πλείω
2019 2428 2137 2479 ἐλέγ·

561 2503 636 2553 ξει.

626 2571 770 2615 Obiter
799 2583 954 2626 repone
986 2583 1026 2626 p.
1052 2573 1132 2619 90,
1163 2573 1201 2612 2.
1247 2569 1424 2612 sormam
1473 2569 1675 2612 Graecam
1719 2568 2062 2620 παραθαρσύνοντι
2095 2568 2136 2609 in

564 2641 731 2685 verbis:
781 2644 1054 2690 Ἀγωνιῶντες
1089 2641 1128 2682 δὲ
1160 2639 1336 2689 ἀθληταὶ
1378 2639 1672 2692 θεραπευέσθων
1713 2639 1788 2689 μὲν
1823 2637 1890 2679 καὶ
1925 2638 2002 2686 τοὶς
2036 2637 2137 2688 γνώ-

563 2729 648 2764 μας
678 2711 788 2764 λόγῳ
835 2709 1316 2763 παραθρασύνοντί
1357 2726 1402 2752 τε
1436 2709 1581 2756 αὐτοὺς
1617 2709 1686 2751 καὶ
1722 2707 1970 2760 παριςοέντι,
2004 2706 2138 2749 Philo-

566 2788 729 2824 stratus
765 2781 878 2823 cnim
915 2780 1135 2833 θαρσαλέος
1182 2779 1368 2822 scribere
1415 2778 1546 2828 solet,
1591 2791 1670 2819 non
1715 2778 1953 2830 θαρραλέος,
1997 2777 2139 2831 itaque

566 2865 642 2894 nec
675 2849 1003 2904 παραθαρρύνειν.
1078 2850 1253 2905 Reliqua
1295 2848 1415 2904 plane
1460 2853 1560 2890 sunt
1591 2848 1814 2896 ἀδιανόητα
1857 2852 1898 2889 et
1941 2845 2138 2888 absurda.

627 2922 738 2964 Duos
768 2921 881 2964 locos
917 2920 1066 2964 leviter
1113 2925 1279 2962 tantum
1322 2917 1493 2961 affectos
1531 2917 1742 2960 adiiciam.
1808 2916 1976 2959 Excidit
2019 2928 2136 2971 prac-
