2366 3540
1008 274 1028 293 ὲ·

1008 291 1029 312 ι)

233 382 393 438 polatas
421 384 656 440 scripturas
689 398 739 428 ex
769 384 996 440 diligenter
1029 387 1210 442 repetita
1236 386 1415 429 lectione
1452 383 1702 440 autographi
1730 384 1799 427 Co-

230 451 338 494 dicis
387 459 506 496 natas
540 468 630 497 esse
679 454 907 510 respondit.
982 455 1030 497 In
1072 456 1206 512 ipsius
1250 455 1448 498 Editione
1486 468 1639 498 rursus
1671 468 1803 497 novae

230 522 470 577 scripturae
514 530 789 580 comparent,
839 538 1022 580 quarum
1078 526 1121 566 in
1166 525 1406 582 apographo
1461 539 1536 568 nec
1584 525 1676 567 vola
1726 538 1802 567 nec

229 592 474 646 vestigium.
513 594 623 635 llaec
657 594 798 635 omnia
828 606 925 634 cum
958 592 1192 648 pulvisculo
1220 594 1369 636 doctus
1398 595 1585 637 Medicus
1614 595 1804 637 excussit

228 665 271 701 et
316 661 444 702 simul
492 662 687 704 Graeculi
730 661 957 704 sublestam
1017 661 1142 703 fidem
1193 664 1381 717 graviter
1422 665 1714 720 perstringens
1761 669 1803 706 et

227 728 443 772 levitatem
478 731 661 773 bominis
695 731 802 773 salse
836 730 1033 773 deridens
1066 730 1369 773 philostratum
1408 745 1451 774 se
1487 733 1614 775 liuius
1643 733 1802 776 sacculi

228 798 398 841 Criticis
433 799 600 842 tradere
640 800 801 842 scribit.

287 868 398 910 Haec
436 870 570 924 igitur
602 882 678 924 cgo
708 871 848 911 omnia
883 883 1015 925 quum
1050 869 1158 913 sorte
1188 871 1229 912 in
1269 870 1561 913 Philostrateis
1593 871 1802 927 expolien-

227 936 292 978 dis
336 950 471 992 nuper
507 938 697 981 studium
732 953 989 995 operamque
1025 940 1339 983 collocavissem
1380 955 1506 996 quam
1551 943 1669 998 potui
1709 941 1803 984 dili-

226 1007 476 1061 geutissimc
523 1014 723 1051 excutere
763 1015 803 1051 et
836 1009 1055 1064 explorare
1100 1011 1231 1066 coepi.
1295 1011 1443 1066 Itaque
1486 1025 1600 1053 nunc
1643 1025 1688 1054 re
1729 1011 1802 1054 diu

227 1083 268 1119 et
311 1077 494 1119 multum
537 1091 741 1133 perpensa
786 1078 886 1134 quid
930 1080 1207 1134 compererim
1255 1093 1372 1122 more
1418 1094 1510 1123 meo
1556 1081 1664 1124 οὐδὲν
1710 1083 1802 1124 ὑπε-

227 1147 469 1198 ςειλοὲμενες
503 1147 640 1189 dicam
677 1154 717 1189 et
752 1149 1017 1202 argumentis
1052 1149 1340 1204 exemplisque
1382 1150 1656 1194 confirmabo.

287 1217 491 1259 Minoides
529 1218 676 1274 Mynas
717 1231 799 1259 non
835 1219 870 1259 is
901 1223 991 1267 est,
1038 1220 1107 1260 cui
1149 1219 1312 1261 Codicis
1347 1218 1495 1261 Graeci
1535 1219 1803 1263 describendi

226 1292 355 1342 atque
388 1286 538 1328 edendi
589 1288 805 1342 provincia
839 1293 953 1329 recte
997 1287 1190 1330 mandari
1224 1294 1378 1344 possm
1425 1302 1560 1344 neque
1592 1291 1705 1332 enim
1740 1305 1803 1333 sa-

227 1357 283 1398 tis
313 1356 470 1399 Graece
504 1356 653 1399 doctus
687 1362 751 1399 est
784 1370 919 1412 neque
958 1357 1304 1414 palaeograpliiae
1337 1359 1441 1400 satis
1478 1360 1642 1414 peritus
1674 1366 1721 1402 ut
1755 1375 1804 1404 ex

226 1426 334 1468 libro
377 1427 449 1483 qui
493 1427 579 1468 situ
623 1432 664 1469 et
698 1426 870 1469 madore
912 1433 1141 1483 corruptus
1184 1429 1238 1469 sit
1271 1433 1313 1470 et
1357 1428 1422 1486 (ut
1461 1430 1548 1484 ipse
1595 1429 1800 1487 loquitur)

227 1496 312 1537 iam
347 1502 564 1551 putrescat
612 1496 803 1538 evanidis
851 1498 1008 1552 passim
1043 1497 1284 1539 litterarum
1329 1497 1528 1540 ductibus
1572 1498 1805 1555 deletisque

226 1566 532 1621 propemodum
567 1566 766 1608 omnihus
803 1567 1003 1621 antiquae
1036 1568 1275 1622 scripturae
1307 1568 1497 1623 vestigiis
1529 1574 1715 1611 veterem
1749 1569 1803 1611 le-

226 1636 410 1678 ctionem
442 1642 560 1677 certa
600 1635 681 1678 fide
722 1641 860 1678 eruat.
927 1636 973 1677 In
1014 1649 1061 1677 ea
1095 1649 1140 1678 re
1176 1637 1396 1679 oculorum
1439 1638 1568 1680 etiam
1607 1639 1802 1681 intentis-

226 1705 334 1746 sima
367 1706 479 1746 acies
526 1705 629 1746 nibil
664 1704 740 1746 tibi
774 1704 962 1760 proderit
991 1706 1026 1746 si
1059 1706 1258 1747 acumine
1302 1706 1450 1747 iudicii
1489 1712 1529 1748 et
1570 1710 1803 1751 accuratis-

226 1774 335 1815 sima
377 1773 631 1817 Graecitatis
675 1776 853 1817 scientia
897 1776 955 1817 sis
1000 1774 1247 1817 destitutus.
1313 1776 1423 1818 Vera
1467 1777 1711 1833 scriptura,
1758 1787 1804 1822 ut

225 1843 359 1885 oculis
390 1844 507 1886 cerni
541 1846 703 1900 possit,
740 1846 859 1901 prius
891 1845 1042 1887 critica
1072 1845 1246 1900 εὐςοχίᾳ
1279 1846 1556 1901 excogitanda
1590 1853 1673 1890 est:
1710 1854 1799 1890 tum

225 1913 396 1955 demum
439 1915 602 1969 etipse
646 1928 736 1956 eam
780 1928 926 1970 reapse
970 1915 1014 1956 in
1060 1920 1226 1957 vetusto
1269 1914 1418 1957 Codice
1462 1918 1666 1972 scriptam
1710 1931 1802 1961 esse

229 1982 388 2024 videbis
423 1989 463 2025 et
496 1982 604 2025 alius
638 1984 816 2039 quilibet
849 1984 1094 2026 admonitus
1135 1983 1327 2026 eamdem
1362 1984 1474 2027 clare
1507 1991 1548 2027 et
1581 1988 1803 2043 perspicue

226 2052 384 2094 videbit
412 2052 708 2107 pellucentem.
775 2054 1044 2110 Quicumque
1072 2059 1213 2095 autem
1231 2086 1240 2101 ‚
1276 2059 1323 2095 ut
1351 2067 1427 2108 ego
1455 2055 1680 2099 Minoidem
1715 2071 1802 2100 sae·

226 2135 277 2178 pe
307 2123 518 2178 comperi,
553 2122 754 2165 lectiones
789 2124 938 2179 probas
971 2130 1013 2166 et
1046 2125 1254 2179 genuinas
1284 2129 1324 2165 et
1359 2124 1534 2166 Graecas
1564 2125 1745 2182 denique
1778 2141 1802 2170 a

227 2191 453 2234 malesanis
482 2199 523 2234 et
557 2193 722 2235 vitiosis
754 2200 794 2235 et
828 2194 1020 2235 barbaris
1053 2193 1297 2236 discernere
1336 2207 1417 2236 non
1449 2201 1612 2250 potest,
1646 2197 1682 2238 is
1716 2211 1800 2240 me-

224 2261 309 2304 lius
354 2275 377 2304 a
421 2261 592 2304 Graecis
641 2263 863 2305 codicibus
913 2263 1141 2306 abstinebit
1198 2277 1380 2312 manus,
1432 2277 1528 2306 nam
1577 2265 1668 2308 fieri
1716 2281 1797 2310 non

225 2337 364 2387 potest
397 2333 498 2387 quin
543 2334 698 2387 passim
743 2332 813 2375 (let
847 2346 890 2375 se
933 2333 1111 2375 ridicule
1145 2338 1186 2375 et
1218 2333 1401 2388 turpiter
1438 2335 1646 2390 impingat
1678 2342 1719 2379 et
1756 2338 1801 2380 in

226 2414 392 2443 errores
425 2414 468 2443 se
503 2402 691 2458 implicet
727 2410 811 2444 tam
854 2402 995 2445 foedos
1029 2416 1154 2459 quam
1197 2402 1418 2445 ioculares.
1483 2404 1707 2448 Praeterea
1739 2408 1800 2449 vi-

224 2470 302 2512 deo
346 2471 572 2514 Minoidem
618 2473 659 2513 in
708 2472 1055 2528 palaeographica
1101 2477 1192 2514 arte
1240 2485 1321 2513 non
1369 2474 1470 2515 satis
1518 2475 1799 2519 exercitatum

225 2553 316 2582 esse
350 2545 397 2582 ut
429 2540 819 2598 tacliygraphorum
865 2549 984 2584 notas
1017 2548 1058 2584 et
1091 2541 1340 2597 compendia
1390 2548 1504 2584 certo
1538 2544 1696 2587 iudicio
1739 2546 1800 2588 tli-

226 2615 430 2665 gnoscat‚
467 2616 508 2653 et
541 2625 861 2668 nonnumquam
897 2625 947 2654 ex
974 2611 1124 2654 Codice
1164 2611 1233 2653 illa
1267 2610 1511 2655 afferentem
1546 2627 1654 2669 quae
1683 2628 1798 2658 exer-

226 2680 370 2722 citatis
413 2686 454 2722 et
496 2682 677 2724 eruditis
709 2681 843 2724 oculis
875 2681 985 2724 lecta
1028 2680 1155 2723 simul
1197 2680 1377 2723 formam
1415 2683 1644 2726 mutabunt
1676 2691 1716 2727 et
1750 2700 1800 2728 ex

227 2748 408 2804 caligine
443 2749 602 2793 dabunt
647 2751 799 2794 lucem.
865 2752 976 2794 Haec
1020 2751 1148 2793 veluti
1183 2751 1365 2793 crimina
1407 2765 1504 2794 mox
1531 2756 1799 2808 argumentis

225 2824 267 2860 et
300 2819 505 2876 exemplis
538 2821 870 2864 confirmaturus
905 2835 1027 2864 sum:
1062 2820 1134 2863 sed
1168 2826 1300 2863 restat
1331 2820 1446 2862 aliud
1487 2823 1647 2865 crimen
1676 2823 1799 2880 longe

226 2889 417 2932 omnium
445 2890 761 2945 gravissimum.
828 2891 1030 2934 Minoides
1062 2891 1220 2947 passim
1251 2889 1323 2932 uhi
1351 2891 1393 2932 in
1422 2890 1571 2934 Codice
1598 2900 1799 2949 corrupto

227 2964 268 3001 ct
306 2959 476 3015 putrido
509 2959 568 3002 nil
601 2960 682 3003 nisi
718 2961 906 3004 incertae
939 2967 980 3005 et
1024 2960 1234 3018 fugientes
1272 2961 1513 3016 scripturae
1554 2963 1710 3006 veteris
1743 2963 1797 3006 la-

1385 3034 1397 3058 ι
1421 3033 1439 3049 4
