2366 3540
984 284 1007 321 9

209 398 499 453 cupiditatem,
537 410 612 440 nec
643 401 820 453 possunt
849 395 956 438 duae
993 408 1060 438 res
1090 400 1175 437 tam
1209 394 1401 438 diversae
1435 408 1517 438 uno
1547 395 1780 452 eodemque

208 467 332 509 modo
364 467 579 523 appellari.
657 465 736 508 Sed
778 464 879 521 quid
925 464 1060 506 multa
1099 465 1223 507 verba
1267 465 1441 521 perdam
1478 466 1517 506 in
1563 479 1608 507 rc
1646 468 1776 508 mani-

208 534 346 577 festa?
424 536 465 578 Si
517 537 585 578 cui
640 548 840 591 umquam
897 533 1061 575 Codicis
1114 534 1363 590 inspiciendi
1411 534 1581 576 dabitur
1631 536 1779 591 eopia,

208 602 343 654 hanc,
377 604 530 654 eredo,
565 604 788 646 lectionem
819 607 1068 658 reperturus
1101 609 1189 645 est:
1223 605 1265 646 τί
1295 605 1516 656 χρήσονται
1555 607 1702 652 αὐταῖς
1737 607 1777 652 ἐς

207 674 500 724 Ὀλυμπίαν
544 671 778 721 ἥκοντες.
844 672 991 728 Mynas
1031 671 1073 712 in
1114 672 1325 726 scriptura
1375 673 1681 727 expallescentc
1729 687 1777 716 ac

208 740 397 797 fugiente
428 755 508 783 non
541 746 654 783 recte
687 739 820 783 oculis
851 753 952 781 usus
994 753 1083 781 esse
1127 740 1310 782 videtur.
1379 740 1458 782 Sed
1489 743 1622 784 multo
1657 745 1779 798 peius

207 812 463 866 graviusque
498 811 537 851 in
571 809 702 851 altero
736 810 824 851 loco
853 809 1045 865 deliquit.
1093 809 1335 851 Describam
1374 809 1541 858 locum,
1579 812 1677 866 quia
1709 812 1777 854 ad-

207 879 378 921 modum
416 879 552 934 lepida
587 892 655 920 res
688 884 751 921 est
779 878 1254 935 lepidequeaSopliista
1288 885 1502 921 narratur.
1551 880 1778 933 Προμάχου

206 949 246 990 δὲ
293 952 362 990 τοῦ
410 949 455 989 ἐκ
496 948 660 996 Πέλλης
703 947 824 997 ξυνίει
870 949 943 999 μὲν
988 950 1004 990 o‘
1048 949 1266 999 γυμναςῖος
1310 950 1469 1001 ἐρῶντος
1496 982 1504 998 ,
1554 950 1695 1002 αγχοῦ
1737 950 1777 991 δὲ

206 1018 449 1068 Ὀλυμπίων
487 1016 631 1058 ὄντων·
674 1015 745 1058 ἴΩ
790 1017 1022 1071 Πρόμαχε,
1066 1016 1185 1067 εἷπε,
1229 1018 1354 1065 δοκεῖς
1395 1034 1460 1068 μοι
1502 1019 1607 1070 ε’ροῖν.
1652 1021 1701 1066 ὡς
1746 1020 1778 1060 δ’

205 1085 310 1130 εἶδεν
342 1088 598 1140 ἐρυθριῶντα·
642 1089 764 1129 Ἀλλ’
806 1089 875 1128 οὐκ
908 1087 1116 1138 ἐλέγξων,
1162 1086 1240 1139 ἔφη
1261 1120 1270 1136 ,
1316 1090 1437 1129 ταῦτ’
1470 1087 1617 1138 ἠρόμην
1641 1120 1650 1136 ,
1684 1088 1780 1137 ξυλ-

206 1156 436 1209 ληψόμενος
469 1157 510 1198 δέ
543 1173 601 1198 σοι
635 1160 704 1198 τοῦ
744 1156 898 1208 ἔρωτος.
939 1158 1007 1199 καὶ
1052 1157 1134 1209 γαρ
1181 1156 1231 1197 ἂν
1276 1158 1344 1198 καὶ
1387 1157 1645 1209 διαλεχθείην
1683 1158 1779 1209 ὑπὲρ

207 1230 276 1268 σοῦ
315 1228 369 1279 τῷ
402 1227 568 1278 γυναίῳ.
613 1225 680 1267 καὶ
723 1226 955 1278 διαλεχθεὶς
999 1227 1107 1276 οὐδὲν
1153 1226 1327 1278 &pluero
1361 1227 1455 1277 πρὸς
1500 1227 1566 1268 τὸν
1599 1228 1779 1275 ἀθλητὴν

205 1295 383 1346 οὲποέγων
410 1295 533 1345 λόγον
562 1296 632 1336 οὐκ
665 1296 796 1344 ἀληθῆ
821 1296 895 1347 μὲν
921 1296 1089 1339 πλείςου
1123 1295 1163 1337 δὲ
1196 1293 1306 1343 ἄξιον
1334 1296 1388 1347 τῷ
1420 1296 1565 1348 ἐρῶντι.
1617 1296 1780 1338 Retulit

207 1365 319 1406 enim
367 1364 662 1406 mulierculam
707 1364 819 1406 illius
864 1377 1049 1406 amorem
1096 1377 1176 1405 non
1218 1366 1465 1419 aspernari,
1515 1366 1547 1407 si
1584 1364 1779 1422 Olympia

207 1435 393 1476 vicisset.
443 1433 511 1475 καὶ
544 1434 560 1474 ὁ
594 1433 817 1486 Πρόμαχος
862 1433 1126 1480 αναπνεύσας
1170 1435 1237 1487 ἐφ’
1271 1432 1320 1476 ὧν
1354 1435 1517 1483 ἤκουσεν
1553 1437 1622 1477 οὐκ
1668 1436 1779 1477 ἐνίκα

207 1503 323 1554 μόνον
356 1504 473 1545 οέλλα
517 1503 584 1545 καὶ
621 1503 931 1554 Πολυδάμαντα
963 1504 1031 1545 τὸν
1064 1510 1362 1546 Σκοτουσσαῖον
1394 1505 1504 1554 μετα
1537 1505 1628 1552 τοὺς
1671 1505 1778 1547 λέον·

206 1589 310 1622 τας,
343 1570 407 1620 οὓς
441 1573 458 1613 ὁ
489 1571 742 1623 Πολυδάμας
773 1574 905 1625 ,ᾑρήκει
949 1574 1044 1624 παρ’
1080 1573 1216 1625 ”Ωχῳ
1243 1575 1297 1626 τῷ
1334 1574 1480 1627 Πέρσῃ.
1549 1574 1657 1616 Haec
1693 1589 1780 1616 om-

207 1643 276 1684 nia
310 1655 418 1697 quae
461 1641 618 1684 Graece
661 1641 968 1696 descripsimus
1009 1641 1228 1683 commode
1261 1642 1494 1685 decurrunt
1530 1649 1569 1685 et
1612 1650 1780 1699 praeter

207 1711 414 1767 quaedam
464 1712 657 1753 tenuiora
697 1710 1046 1752 emendatissima
1092 1716 1219 1760 sunt,
1268 1712 1351 1753 nisi
1385 1712 1493 1767 quod
1529 1713 1781 1755 Graecitatis

205 1781 314 1823 ratio
357 1786 398 1823 et
443 1794 543 1822 usus
576 1779 792 1836 postulant
832 1780 1095 1827 αναπνεύσας
1138 1780 1233 1833 ἀφ’
1272 1779 1320 1821 εῖν
1361 1781 1552 1831 ἤκουσεν,
1598 1796 1676 1824 non
1712 1784 1781 1836 ἐφ’

206 1849 270 1892 ὧν.
335 1850 530 1892 Graviter
572 1856 714 1892 tamen
754 1850 797 1890 in
837 1849 902 1891 his
939 1850 1116 1905 impegit
1163 1851 1378 1905 interpres
1407 1864 1536 1905 quum
1573 1858 1780 1895 verteret:

209 1919 468 1975 »Lorsqu'ils
500 1920 658 1961 etaient
691 1919 783 1975 deja
816 1918 914 1975 pres
948 1918 1217 1976 d’Olympie,
1252 1919 1288 1961 le
1317 1926 1540 1977 gymnaste
1581 1920 1640 1962 lui
1674 1921 1734 1963 dit
1755 1923 1780 1938 ’⁹

207 1995 288 2033 etc.
325 1989 444 2044 quasi
481 2002 579 2030 vero
617 1989 719 2031 haee
755 1989 794 2030 in
838 1989 991 2030 itinere
1035 1988 1229 2030 collocuti
1262 1995 1416 2031 esseut.
1482 1990 1671 2045 Namque
1709 1990 1780 2032 ubi

208 2057 377 2100 tandem
408 2057 620 2100 habitasse
640 2064 761 2114 putes
780 2071 872 2100 eam
893 2071 1017 2113 quam
1040 2058 1299 2100 Promacbus
1329 2058 1574 2113 deperibat?
1613 2059 1782 2103 Oboluit

208 2126 367 2182 aliquid
400 2128 479 2183 ipsi
509 2128 737 2183 Interpreti
775 2141 870 2169 nam
907 2132 1000 2182 post
1032 2140 1165 2182 pauca
1200 2127 1339 2169 locun]
1381 2129 1441 2169 sic
1484 2129 1780 2184 interpolavit:

210 2195 330 2238 »bien
366 2197 468 2252 qu'il
500 2211 626 2239 nese
658 2197 722 2239 sut
757 2210 828 2252 pas
861 2201 1085 2239 entretenu
1125 2209 1225 2238 avec
1259 2196 1335 2238 elle
1374 2196 1415 2253 [ὰ
1447 2198 1618 2255 quelque
1651 2200 1783 2255 iemps

209 2266 258 2307 dc
281 2264 338 2322 lsi]
377 2266 405 2307 il
432 2267 611 2309 revint''
646 2272 726 2309 etc.
794 2265 873 2308 Sed
903 2279 954 2307 ne
980 2266 1041 2307 sie
1075 2266 1244 2321 quidem
1277 2272 1317 2308 te
1344 2267 1551 2321 expedies.
1616 2273 1779 2322 Ἀγχοῦ

208 2335 249 2377 δὲ
278 2337 588 2386 Ὀλυμπίων
630 2336 777 2385 ὄντων,
826 2334 937 2390 quod
975 2340 1068 2377 est:
1114 2350 1240 2390 quum
1275 2335 1362 2377 ludes
1408 2335 1613 2392 Olympici
1656 2339 1780 2380 inela-

208 2411 330 2454 νοω,
367 2405 481 2447 aliud
522 2419 651 2461 agens
685 2405 847 2460 accepit
891 2405 1011 2459 quasi
1056 2406 1198 2457 αγχοῦ
1232 2405 1271 2446 δὲ
1305 2407 1615 2456 Ὀλυμπίας
1662 2407 1782 2450 ὄντων

191 2475 417 2530 ‘scriptum
456 2475 618 2518 fuisset.
686 2475 821 2517 Pellae
866 2474 969 2516 haec
1013 2480 1106 2516 acta
1148 2479 1272 2524 sunt,
1325 2474 1396 2516 ubi
1439 2475 1646 2530 degebant
1685 2478 1781 2518 Pro-

208 2544 350 2586 maehi
384 2558 563 2587 amores.
628 2544 804 2600 Reliqua
834 2545 967 2599 igitur
996 2544 1218 2599 perspicua
1263 2550 1361 2585 sunt
1395 2550 1563 2600 praeter
1594 2559 1640 2587 ea
1674 2559 1781 2601 quae

208 2613 348 2670 puella
380 2614 649 2671 respondisse
681 2614 886 2669 fingitur,
920 2627 1101 2669 quorum
1147 2613 1249 2656 haec
1286 2613 1417 2655 forma
1451 2620 1513 2656 est
1552 2620 1592 2656 et
1634 2615 1675 2656 in
1711 2615 1782 2656 Co-

211 2682 304 2725 dice
352 2690 393 2725 et
431 2685 472 2725 in
519 2683 784 2740 apographo:
829 2686 899 2726 οὑκ
947 2682 1121 2732 ἀπαξιοῖ
1161 2684 1204 2726 τί
1243 2700 1315 2732 σε,
1362 2683 1468 2737 ἔφη,
1513 2688 1589 2726 τῶν
1634 2686 1781 2733 ἑαυτῆς

211 2753 404 2795 παιδικῶν
453 2758 621 2796 νικῶντα
670 2753 950 2805 Ὀλυμπίαζε.
1015 2753 1163 2795 Editor
1215 2752 1460 2795 dubitanter
1503 2750 1603 2796 εἶναι
1654 2755 1783 2796 inter-

212 2822 355 2878 posuit
400 2821 450 2865 de
497 2836 572 2865 suo
619 2829 659 2865 et
701 2823 851 2866 verba:
900 2825 969 2865 οὐκ
1016 2821 1190 2872 οὲπαξιοῖ
1217 2823 1258 2864 τί
1287 2840 1333 2864 σε
1374 2821 1474 2865 εἶναι
1516 2827 1591 2865 τῶν
1635 2825 1783 2872 ἑαυτῆς

212 2893 404 2934 παιδικῶν
451 2892 511 2933 sic
559 2893 791 2935 convertit:
859 2893 958 2935 »Ta
1021 2893 1241 2935 maitresse
1293 2907 1340 2934 nc
1396 2899 1432 2934 le
1479 2899 1665 2934 {rouvera
1708 2906 1785 2946 pas

213 2961 379 3017 indique
425 2962 474 3003 de
517 2962 675 3018 fiyurer
710 2963 849 3019 parmi
896 2977 957 3005 ses
1003 2963 1266 3011 (almulem’s,
1312 2963 1347 3004 si
1396 2968 1438 3004 tu
1488 2961 1718 3017 triompbes
1761 2961 1783 3001 ῑί
