2366 3540
1405 265 1459 304 ⁶28

648 378 859 431 Ἀγνωσίοι
896 378 1002 436 [uxi]
1035 375 1293 430 προειπόντος
1326 374 1355 419 ἃ
1384 375 1668 429 γυμνάζεσθοιι
1702 376 1807 425 ἔδει,
1852 376 1920 419 xx}
1964 381 2188 426 σιωπῶντος
2208 410 2219 428 ,

647 463 754 505 quae
787 448 942 492 Gallice
974 447 1101 489 vertit
1134 447 1178 487 in
1207 444 1322 487 hunc
1353 445 1548 487 modum:
1600 445 1778 487 »C'etait
1813 445 2069 500 ignorance,
2103 448 2218 489 aussi

645 519 740 560 bien
776 518 825 560 de
857 517 893 558 la
929 522 1022 572 part
1064 515 1122 557 du
1154 520 1378 572 gymnaste
1410 515 1484 571 qui
1516 513 1741 556 ordonnait
1787 513 1847 556 les
1890 518 2100 558 exercices
2144 530 2218 558 au-

645 587 764 642 quels
797 585 960 628 Gerene
991 585 1132 628 devait
1165 598 1209 627 se
1243 584 1386 633 livrer‚
1418 598 1495 640 que
1527 584 1577 626 cle
1609 583 1711 627 celle
1742 583 1792 625 cle
1821 582 2007 625 l'allzlele
2033 585 2104 639 qui
2137 582 2217 626 dis-

644 656 797 698 simula
842 656 880 697 le
923 656 1006 697 mal
1040 655 1144 711 qu'il
1178 654 1433 710 eprouvait.”
1497 653 1701 696 Convenit
1745 653 1788 694 in
1823 652 1925 694 haec
1971 652 2216 695 Italicorum

644 725 864 767 hominum
899 726 1054 767 scitum
1084 724 1269 766 dictum:
1307 723 1580 765 »Tradultore
1617 722 1857 764 traditore?
1921 721 2036 764 Nihil
2065 722 2217 765 horum

643 794 927 837 Philostratus
957 800 1031 836 aut
1063 793 1170 835 dixit
1200 798 1273 834 aut
1319 793 1536 847 cogitavit.
1601 792 1825 834 Caeterum
1857 791 2043 834 Graecus
2077 797 2219 834 textus

644 870 685 907 et
718 864 904 906 Gallicus
937 869 1066 913 sunt,
1099 868 1146 904 ut
1178 862 1221 902 in
1255 861 1475 916 proverbio
1500 866 1591 909 est,
1628 860 1752 902 Sardi
1782 861 1973 910 venales,
2017 861 2123 902 alter
2154 861 2217 902 al-

644 940 728 975 tero
771 933 954 988 nequior.
1030 931 1189 974 Graeca
1231 931 1367 971 oratio
1410 943 1461 972 ne
1499 930 1657 972 Graeca
1701 929 1872 984 quidem
1917 936 2010 979 est,
2060 929 2218 972 Gallica

643 1001 800 1044 absona
832 1007 873 1043 et
906 1014 1052 1043 seeum
1085 1001 1176 1056 ipsa
1215 1012 1423 1054 pugnans.
1489 998 1595 1040 Nam
1628 997 1836 1053 quomodo
1871 998 2039 1040 tandem
2070 999 2120 1040 de
2153 1000 2215 1041 in-

643 1071 755 1114 felici
786 1071 944 1113 athleta
987 1070 1071 1112 dici
1112 1074 1275 1125 poterat
1323 1068 1454 1124 »qu’il
1485 1067 1704 1109 dissimula
1743 1066 1781 1108 le
1821 1066 1908 1108 mal
1939 1067 2044 1122 qu’il
2075 1069 2216 1122 e'prou-

642 1142 725 1183 vait
743 1142 783 1191 ‚'’
831 1142 904 1197 qui
949 1140 1072 1196 paulo
1116 1144 1213 1181 ante
1263 1137 1315 1180 de
1349 1137 1548 1180 cruditate
1591 1141 1849 1192 conquestus
1887 1148 1936 1177 ac
1986 1136 2066 1178 sibi
2109 1136 2219 1178 male

642 1225 729 1253 esse
763 1210 885 1269 (ὠμός
917 1227 962 1253 τε
995 1208 1097 1252 εἶναι
1133 1208 1202 1251 ua}
1246 1208 1418 1260 πονήρως
1453 1205 1581 1263 ἔχειν)
1627 1207 1824 1262 imperito
1855 1211 2107 1262 gymnastae
2135 1211 2217 1248 sto-

641 1281 842 1324 machum
884 1281 1065 1323 movisse
1098 1277 1330 1320 narratur?
1396 1278 1618 1319 Praeterea
1649 1288 1757 1331 quae
1790 1281 1852 1317 est
1891 1288 1938 1317 ea
1982 1275 2215 1331 z'qnorantia

642 1352 677 1393 si
711 1352 808 1406 quis
837 1350 1021 1392 dolorem
1054 1346 1361 1390 dissimulando
1393 1345 1607 1388 occultat?
1672 1345 1758 1387 Nae
1792 1344 1862 1385 illa
1902 1345 2136 1399 iynorantia
2169 1346 2214 1387 ni

640 1420 731 1462 loco
763 1434 839 1462 suo
870 1417 1167 1461 exturbabitur
1199 1416 1320 1458 nobis
1362 1427 1530 1470 semper
1563 1413 1662 1469 quid
1710 1413 1882 1455 tandem
1917 1413 2114 1468 Sophista
2146 1427 2216 1456 vo-

640 1490 769 1533 luerit
802 1490 884 1532 erit
915 1487 1213 1543 ignorandum.
1277 1486 1510 1536 Ἀγνωσίικς
1541 1490 1583 1526 et
1623 1484 1809 1538 ἀγνωσίςι
1842 1488 1884 1525 et
1912 1483 2100 1533 ἀγνωσίοο
2133 1496 2216 1525 non

640 1566 742 1603 sunt
779 1560 907 1601 unius
937 1559 1044 1600 assis
1076 1557 1294 1599 lectiones.
1361 1554 1470 1607 Quid
1511 1553 1639 1596 lateat
1684 1553 1894 1609 pellucere
1929 1553 2104 1608 incipiet
2144 1553 2217 1595 ubi

640 1630 896 1686 spectaveris
943 1627 1106 1669 Codicis
1154 1625 1417 1668 Monacensis
1470 1624 1682 1678 egregiam
1732 1623 1956 1664 lectionem
2006 1624 2215 1673 γινώσκειν

641 1713 717 1757 pro
749 1697 1047 1750 γυμνάζεσθοιι.
1110 1695 1214 1737 Mihi
1259 1693 1411 1744 erede,
1459 1692 1740 1745 γυμνάζεσθαι
1785 1705 1806 1733 e
1846 1693 1997 1749 Mynae
2041 1692 2214 1734 cerebro

640 1767 799 1825 prodiit
844 1766 902 1808 nil
935 1779 984 1808 ex
1024 1770 1192 1807 vetusto
1239 1763 1347 1805 libro
1394 1763 1661 1805 extricantis.
1727 1760 1953 1803 Considera
1987 1761 2215 1816 diligenter

640 1838 749 1880 lianc
797 1837 1046 1878 lectionem:
1091 1834 1129 1882 ἔς
1162 1850 1208 1876 τε
1247 1833 1462 1875 ἀπέκτεινε
1506 1834 1573 1875 τὸν
1616 1832 1794 1879 ἀθλητὴν
1829 1832 1867 1872 ἐν
1907 1832 2017 1884 αὐτῷ
2046 1833 2101 1884 τῷ
2134 1847 2210 1882 γυ-

640 1908 806 1960 μνάζειν
858 1905 1101 1962 [οέγνωσίοις]
1140 1904 1393 1956 προειπόντος
1425 1900 1452 1945 ἃ
1480 1903 1688 1954 γινώσκειν
1730 1900 1805 1943 ἔδει
1854 1901 1922 1943 καὶ
1971 1907 2212 1950 σιωπῶντος.

639 1977 752 2020 Nihil
786 1977 827 2018 in
863 1975 927 2016 liis
960 1980 1209 2030 corruptum
1243 1979 1306 2015 est
1335 1979 1505 2029 praeter
1540 1972 1774 2023 οέγνωσίοις,
1820 1971 1931 2026 qnod
1961 1971 2212 2014 vocabulum

639 2049 828 2105 priscum
859 2050 899 2087 et
934 2045 1145 2100 poeticum
1175 2056 1348 2100 prorsus
1380 2042 1431 2084 ab
1462 2042 1502 2083 h.
1531 2042 1556 2084 l.
1592 2042 1776 2084 alienum
1804 2047 1866 2083 est
1895 2047 1936 2083 et
1956 2041 2211 2084 nullomodo

639 2130 716 2173 pro
761 2115 932 2167 ἅγνοίοις
974 2114 1172 2169 usurpari
1218 2113 1371 2169 potuit.
1437 2112 1496 2154 De
1526 2125 1608 2167 quo
1647 2110 1752 2153 haec
1800 2110 1882 2153 dici
1930 2111 2068 2166 palam
2113 2111 2209 2154 est?

639 2188 699 2230 De
730 2187 926 2242 imperito
957 2189 1183 2241 gymnasla
1218 2188 1260 2226 et
1290 2183 1396 2225 artis
1427 2182 1602 2237 ignaro,
1648 2181 1722 2237 qui
1755 2181 2052 2236 intempestive
2093 2194 2211 2223 exer·

640 2256 772 2299 cende
800 2254 1001 2296 athletam
1043 2266 1219 2307 aegrum
1253 2258 1294 2295 et
1335 2252 1416 2294 sibi
1459 2251 1568 2293 male
1612 2264 1703 2293 esse
1741 2256 1988 2306 querentem
2034 2251 2076 2292 in
2120 2251 2212 2306 ipsa

639 2325 940 2369 exercitatione
973 2323 1144 2366 occidit,
1211 2322 1319 2375 Quid
1355 2321 1509 2377 plura?
1558 2319 1882 2363 Emendandum
1920 2326 1984 2362 est
2019 2320 2060 2361 in
2095 2319 2210 2363 hunc

638 2395 839 2439 modum:
873 2394 1088 2437 ἀπέκτεινε
1120 2396 1188 2436 τὸν
1233 2392 1411 2440 ἀθλητὴν
1445 2392 1484 2433 ἐν
1515 2391 1625 2442 αὐτῷ
1658 2391 1713 2442 τῷ
1746 2390 1997 2442 γυμνάζειν,
2029 2391 2208 2441 ἀγνοή-

639 2482 728 2513 σας
764 2465 832 2507 uxi
875 2464 1130 2517 προειπόντος
1165 2461 1194 2505 ἃ
1225 2464 1466 2514 γιγνώσκειν
1509 2460 1584 2503 ἔδει
1618 2461 1686 2502 mc)
1732 2464 1972 2506 σιωπῶντος.
2038 2459 2114 2502 Ubi
2147 2472 2208 2502 Se·

639 2534 722 2578 mel
757 2533 976 2590 Sophistae
1016 2533 1227 2576 sententia
1262 2531 1471 2588 pelluce1·e
1502 2530 1639 2585 coepit
1671 2534 1713 2571 et
1744 2529 1942 2584 apparuit
1980 2529 2048 2571 ux}
2080 2544 2207 2582 προει-

639 2605 782 2651 πόντος
816 2610 856 2646 et
898 2604 964 2645 xx)
1000 2608 1224 2651 σιωπῶντος
1259 2603 1371 2644 inter
1405 2614 1450 2643 se
1481 2600 1671 2657 opposita
1712 2612 1832 2648 esse,
1865 2598 1991 2640 simul
2035 2602 2207 2654 appare-

637 2673 707 2717 bat
740 2673 902 2728 requiri
936 2674 1207 2729 participium
1245 2671 1355 2728 quod
1388 2671 1514 2714 verbo
1545 2671 1785 2721 γιγνώσκειν
1825 2674 1936 2710 esset
1973 2681 1994 2710 e
2035 2669 2207 2723 regione

637 2743 891 2800 oppositum.
954 2742 1098 2799 Neque
1131 2742 1171 2784 id
1206 2742 1279 2784 diu
1313 2740 1601 2797 quaerendum
1635 2738 1716 2781 suit
1749 2751 1884 2793 neque
1926 2743 2019 2780 erat
2051 2750 2205 2793 anceps

637 2813 765 2869 optio.
833 2812 944 2854 Nihil
985 2818 1050 2856 est
1089 2818 1258 2869 praeter
1299 2812 1506 2863 ἀγνοήσας
1542 2809 1652 2866 quod
1686 2822 1831 2851 omnes
1865 2807 2015 2849 haheat
2057 2819 2208 2849 nume-

636 2895 706 2924 ros
744 2883 951 2926 veritatis.
1015 2883 1150 2926 Locus
1193 2883 1254 2926 sic
1287 2887 1505 2925 correctus
1539 2879 1652 2922 clara
1692 2878 1785 2921 luce
1817 2876 2019 2934 splendet.
2083 2877 2204 2932 Igna-

637 2964 711 2995 rus
759 2953 862 2995 artis
908 2957 1132 3010 gymnasia
1175 2967 1224 2996 ηε
1266 2951 1496 2996 admonitus
1537 2949 1701 3007 quidem
1745 2948 1795 2991 ab
1838 2947 1910 2990 illo
1953 2946 2206 2990 intellexisse
