2316 3491
608 343 653 388 111
685 344 840 387 vicinia
875 355 1003 384 novae
1031 341 1180 384 turbae
1213 347 1254 383 et
1286 345 1405 382 atrae
1437 341 1632 383 tenebrae
1661 340 2118 385 oboriuntur.'Trans-

549 413 662 455 imus
706 413 818 455 enim
859 413 1013 453 iterum
1060 424 1108 453 ex
1151 408 1374 465 splendore
1404 407 1709 452 Philostrateae
1745 410 1968 462 dictionis,
2011 424 2119 467 quae

548 482 727 524 comtior
758 479 928 535 quidem
963 485 1026 522 est
1062 485 1103 522 et
1134 478 1370 521 affectatior
1411 477 1482 519 sed
1524 479 1775 534 perspicua,
1824 481 1867 521 in
1906 494 2117 538 commen·

547 555 687 593 torum
720 549 960 603 caliginem.
1027 548 1070 591 Si
1103 549 1199 604 quis
1231 547 1320 589 vult
1355 546 1530 602 perdere
1570 560 1739 602 operam
1778 555 1918 590 sumat
1950 549 2028 590 sibi
2066 549 2118 590 ad

548 618 915 674 interpretandum
958 618 1060 660 baec
1105 617 1231 660 verba
1274 630 1311 672 p.
1343 619 1426 664 56,
1463 618 1543 658 18:
1595 613 1668 663 Οἷς
1704 617 1745 659 δὲ
1772 616 1823 658 ἂν
1851 619 2017 669 βαθεῖαι
2050 618 2118 660 τύ-

547 705 653 742 χωσι
687 688 754 730 καὶ
794 689 1131 739 ἐπικυμαίνουσαι
1163 686 1460 738 ἐκθερμαίνουσι
1499 686 1653 733 τούτοις
1686 687 1731 728 τὸ
1765 687 1888 728 edam
1920 692 1997 729 τῶν
2028 702 2119 739 χει-

547 762 619 811 ρῶν
662 762 826 808 πνεῦμα
874 757 1019 815 (uelles
1052 755 1294 798 echauffent
1332 754 1370 797 le
1414 768 1595 810 pneuma
1640 754 1750 797 tiede
1794 755 1866 797 des
1911 757 2117 811 mains'')

549 828 617 869 καὶ
647 828 714 868 τὸν
752 827 959 879 βραχίονα
993 825 1239 878 προηκόντων
1276 824 1351 874 μὲν
1387 823 1673 876 ὑπονεοὶζουσι·
1720 824 1937 877 νεαζόντων
1975 826 2015 867 δὲ
2049 827 2120 875 λή-

548 912 716 947 γουσιν,
765 896 940 947 ὂρμᾈτήν
983 911 1029 936 τε
1069 893 1286 947 φαίνεσθαι
1332 892 1400 934 καὶ
1439 894 1478 934 ἐν
1520 894 1764 947 ἐπαγγελίᾳ
1809 894 1961 942 πάλης.
2041 894 2121 936 Vix

547 966 652 1008 haee
698 966 789 1007 sine
821 964 1031 1018 vertigine
1070 962 1162 1017 lego
1205 967 1246 1004 et
1278 961 1483 1004 describo.
1547 961 1659 1003 Nihil
1702 976 1768 1004 me
1812 968 1976 1005 recreat
2021 962 2123 1005 haee

548 1035 872 1090 interpretatio:
924 1038 1062 1075 »cette
1105 1033 1397 1074 circonstanee
1436 1031 1622 1086 rajeunit
1667 1030 1704 1073 le
1746 1030 1844 1073 bras
1876 1031 2018 1087 quand
2061 1031 2123 1074 les

550 1105 731 1148 athletes
775 1108 1071 1145 commencent
1115 1101 1137 1143 a
1174 1114 1218 1143 se
1263 1099 1367 1142 faire
1404 1100 1554 1147 vieux;
1600 1100 1729 1150 mais·‚
1763 1100 1904 1155 quand
1944 1100 1995 1142 ils
2028 1107 2123 1142 sont

545 1175 725 1230 jeunes,
771 1172 848 1214 elle
893 1171 954 1214 les
992 1170 1195 1226 empeehe
1229 1169 1280 1213 de
1313 1167 1499 1226 paraitre
1543 1169 1677 1224 pleins
1721 1169 1952 1220 d’ardeur,
1999 1175 2040 1213 et
2072 1169 2123 1213 de

548 1243 732 1300 prendre
765 1240 978 1284 l'attitude
1010 1241 1083 1296 qui
1120 1253 1310 1282 annonee
1343 1239 1382 1281 la
1425 1239 1581 1281 lutte.''
1649 1239 1720 1282 Ubi
1762 1240 1864 1282 estis
1908 1239 2123 1282 Gallorum

550 1314 650 1361 filii,
684 1314 755 1369 qui
792 1311 1076 1354 urbanissime
1110 1308 1316 1364 quidquid
1349 1315 1413 1351 est
1446 1308 1664 1351 inficetum
1699 1315 1740 1350 et
1777 1308 1955 1351 stultum
1996 1309 2123 1351 dietis

549 1384 681 1426 veluti
712 1381 806 1424 telis
835 1380 1046 1435 conligere
1087 1378 1262 1421 soletis?
1328 1378 1480 1421 Utrum
1526 1377 1628 1419 haee
1670 1378 1974 1420 Philostratum
2018 1379 2124 1420 scri-

548 1455 683 1510 psisse
715 1466 768 1495 an
802 1451 972 1508 Mynam
1007 1449 1240 1492 somniasse
1275 1448 1467 1504 putatis?
1532 1447 1646 1490 Nihil
1679 1454 1880 1490 accurata
1917 1453 1958 1491 et
1991 1447 2122 1490 solida

548 1522 801 1567 Graecitatis
845 1519 1125 1574 intelligentia
1166 1532 1270 1575 opus
1316 1524 1407 1567 est,
1457 1518 1560 1559 satis
1593 1523 1656 1560 est
1697 1519 1754 1569 μὴ
1798 1522 1930 1566 κακῶς
1963 1522 2120 1572 φρονεῖν

548 1600 597 1637 ut
627 1593 677 1636 de
710 1592 777 1634 his
807 1590 1013 1633 iudicium
1048 1588 1208 1631 seratis.
1276 1587 1355 1630 Sed
1394 1586 1531 1630 resero
1562 1587 1742 1642 gradum
1777 1587 1828 1629 ad
1859 1600 1906 1630 ea
1939 1600 2047 1643 quae
2079 1588 2121 1629 in

550 1662 791 1720 apographo
823 1661 979 1702 omissa
1019 1659 1061 1700 in
1101 1659 1251 1715 Mynae
1294 1657 1478 1699 editione
1511 1657 1696 1712 primum
1746 1656 1995 1713 prodierunt
2028 1671 2121 1714 pag.

550 1738 631 1783 56,
670 1735 736 1775 16.
772 1733 884 1772 inter
915 1731 1063 1781 εὐρεῖαι
1096 1728 1258 1781 φλέβες
1291 1732 1332 1769 et
1364 1725 1494 1779 ὥσπερ
1528 1729 1561 1769 οἱ
1594 1728 1718 1779 κιρσοί
1750 1727 1996 1769 exciderant
2027 1741 2123 1783 pro-

547 1810 643 1860 pter
680 1801 978 1852 ὅμοιοτέλευτον
1025 1797 1128 1840 haec
1166 1796 1321 1839 verba:
1380 1795 1598 1853 [ἄρχουσαι
1643 1797 1716 1847 μὲν
1757 1795 1803 1846 ἐξ
1834 1798 2006 1850 αὐχένος
2052 1799 2119 1839 καὶ

547 1874 678 1925 δέρρης
715 1869 873 1928 (afim)
922 1869 1001 1919 μιά
1047 1867 1286 1919 ἑκατέρωθεν
1329 1867 1533 1917 ἐπιβᾶσαι
1577 1866 1618 1908 δὲ
1650 1870 1719 1908 τοῦ
1753 1867 1884 1917 ὤμου,
1927 1870 2121 1909 κατιᾶσιν

547 1943 614 1985 ἐπὶ
654 1943 708 1983 τὼ
749 1945 892 1993 χεῖρε,
938 1938 1134 1990 βραχίονί
1175 1954 1220 1979 τε
1253 1936 1321 1978 καὶ
1366 1935 1532 1983 ὠλέναις
1577 1936 1873 1989 ἐμπρέπουσαι.
1941 1934 2015 1984 Οἷς
2046 1937 2121 1988 μὲν

547 2015 592 2062 δὴ
627 2009 861 2053 ἕπιπόλαιοί
892 2008 937 2050 τέ
984 2009 1057 2049 εἱσι
1097 2006 1166 2048 καὶ
1209 2009 1279 2048 τοῦ
1321 2006 1483 2057 μετρίου
1518 2006 1811 2059 ἐπιφανέςεραι
1860 2006 1951 2048 οὔτε
1999 2007 2123 2060 ἰσχύν

545 2100 592 2125 τε
625 2082 721 2133 παρ’
765 2081 897 2122 αὐτῶν
939 2076 1130 2129 ἄρνυνται
1174 2076 1242 2117 καὶ
1287 2075 1424 2123 ἀηδεῖς
1465 2075 1560 2117 ἰδεῖν
1604 2072 1695 2117 αἵδε
1738 2075 1941 2132 φλέβες,]
1992 2075 2123 2130 ὥσπερ

546 2154 580 2195 οἱ
614 2149 750 2204 κιρσοί.
817 2148 928 2190 Haec
976 2147 1108 2202 igitur
1144 2145 1308 2188 Editori
1343 2157 1364 2186 e
1398 2143 1556 2186 scholio
1602 2145 1642 2185 in
1686 2146 1876 2199 margine
1909 2145 2123 2202 adscripto

546 2221 769 2277 irrepsisse
811 2217 1023 2261 videntur.
1089 2215 1225 2257 »Cella
1257 2215 1440 2256 addition
1457 2214 1498 2264 ‚⁵⁵
1544 2215 1714 2269 inquit,
1767 2214 1826 2271 (in
1864 2214 1992 2271 praes.
2028 2230 2120 2272 pag.

546 2289 668 2346 xvii.)
703 2304 726 2330 a
757 2294 885 2330 tomes
914 2286 973 2328 les
1014 2285 1171 2327 allures
1201 2285 1324 2326 d’une
1364 2283 1516 2326 scltolie
1550 2284 1827 2339 maryz'nale.’'
1890 2284 1991 2326 Mihi
2027 2300 2122 2327 eon-

546 2369 612 2403 tra
647 2359 828 2401 videtur.
895 2355 1174 2398 Philostratea
1219 2359 1344 2404 sunt,
1390 2368 1455 2396 nie
1491 2353 1653 2403 iudice,
1698 2355 1838 2396 omnia
1871 2354 1944 2397 sed
1972 2355 2124 2412 Mynae

548 2429 765 2473 erroribus
799 2427 962 2469 vitiata.
1029 2424 1135 2467 Vide
1168 2437 1294 2480 quam
1329 2430 1425 2480 apte
1459 2437 1572 2466 nune
1602 2430 1929 2467 connectantur:
1963 2423 2019 2473 οἷς
2046 2427 2121 2476 μὲν

549 2502 594 2549 ’δὴ
627 2498 860 2542 ἐπιπόλαιοί
891 2513 936 2539 τε
971 2495 1069 2538 εἰσὶν
1106 2495 1165 2553 (αἱ
1213 2493 1393 2551 φλέβες)
1428 2494 1497 2536 καὶ
1530 2497 1600 2536 τοῦ
1633 2494 1796 2546 μετρίου
1829 2495 2121 2549 ἕπιφανέςεραι

549 2576 616 2613 et:
650 2567 704 2616 οἷς
739 2569 779 2610 δὲ
812 2567 861 2608 ἂν
898 2567 1064 2617 βαθεῖαι
1097 2566 1256 2618 τύχωσι
1292 2565 1360 2606 καὶ
1393 2565 1896 2615 ὑποκυμαίνουσαι,
1930 2578 2027 2607 nam
2062 2566 2122 2608 sic

549 2654 624 2696 pro
654 2638 990 2689 ἐπικυμαίνουσαι
1025 2634 1336 2678 emendandum
1376 2648 1466 2676 esse
1511 2635 1600 2690 ipsa
1633 2635 1840 2690 oppositio
1872 2634 2051 2686 elamat,
2081 2641 2123 2678 et

548 2709 743 2752 lubenter
791 2706 1075 2748 Philostratus
1108 2705 1235 2748 verbo
1268 2705 1553 2757 ὑποκυμαίνειν
1593 2705 1653 2746 uti
1684 2704 1800 2747 solet.
1867 2705 2123 2761 Recipienda

550 2780 683 2834 igitur
728 2777 829 2819 baec
863 2789 1040 2824 censeo,
1075 2775 1146 2818 sed
1189 2775 1257 2817 1110
1293 2774 1377 2816 11110
1421 2774 1668 2817 emendata:
1704 2775 1870 2829 corrige
1901 2775 2012 2816 enim
2043 2791 2121 2817 κα-

550 2853 760 2891 τιοῦσαι
795 2848 844 2889 δὲ
877 2846 943 2889 ἐπὶ
961 2847 1016 2889 τὼ
1044 2852 1158 2899 χεῖρε
1188 2859 1263 2901 pro
1294 2848 1484 2887 κατιᾶσιν
1506 2845 1625 2886 11111111
1658 2844 1870 2887 vocabulo,
1912 2844 2119 2887 Graecum

551 2925 609 2960 est
642 2919 831 2961 κατίασιν
850 2916 1091 2959 descendent
1121 2915 1184 2958 vel
1210 2917 1395 2958 καθιοῖσιν
1424 2915 1652 2957 clrmillmel.
1698 2914 1854 2957 Deinde
1882 2914 1971 2956 οὔτε
2001 2916 2121 2967 ἱνχύν
