<?xml version="1.0" encoding="UTF-8"?>
<!DOCTYPE html PUBLIC "-//W3C//DTD XHTML 1.0 Transitional//EN"
    "http://www.w3.org/TR/xhtml1/DTD/xhtml1-transitional.dtd">
<html xmlns="http://www.w3.org/1999/xhtml" xml:lang="en" lang="en">
 <head>
  <title>
</title>
<meta http-equiv="Content-Type" content="text/html;charset=utf-8" />
  <meta name='ocr-system' content='tesseract 3.04.00' />
  <meta name='ocr-capabilities' content='ocr_page ocr_carea ocr_par ocr_line ocrx_word'/>
</head>
<body>
  <div class='ocr_page' id='page_1' title='image "./dephilostratilib00cobeuoft_0023.png"; bbox 0 0 2366 3540; ppageno 0'>
   <div class='ocr_carea' id='block_1_1' title="bbox 945 279 993 319">
    <p class='ocr_par' dir='ltr' id='par_1_1' title="bbox 945 279 993 319">
     <span class='ocr_line' id='line_1_1' title="bbox 945 279 993 319; baseline -0.021 0"><span class='ocrx_word' id='word_1_1' title='bbox 945 279 993 319; x_wconf 85' lang='lat'>17</span> 
     </span>
    </p>
   </div>
   <div class='ocr_carea' id='block_1_2' title="bbox 179 388 1769 3062">
    <p class='ocr_par' dir='ltr' id='par_1_2' title="bbox 179 388 1769 3062">
     <span class='ocr_line' id='line_1_2' title="bbox 192 388 1767 450; baseline -0.004 -14"><span class='ocrx_word' id='word_1_2' title='bbox 192 394 353 450; x_wconf 83' lang='lat' dir='ltr'>optimo</span> <span class='ocrx_word' id='word_1_3' title='bbox 392 392 498 435; x_wconf 87' lang='lat' dir='ltr'>libro</span> <span class='ocrx_word' id='word_1_4' title='bbox 533 393 724 436; x_wconf 78' lang='lat' dir='ltr'>Parisino</span> <span class='ocrx_word' id='word_1_5' title='bbox 755 406 777 435; x_wconf 87' lang='lat' dir='ltr'>a</span> <span class='ocrx_word' id='word_1_6' title='bbox 808 393 944 448; x_wconf 87' lang='lat' dir='ltr'>prima</span> <span class='ocrx_word' id='word_1_7' title='bbox 979 404 1108 434; x_wconf 88' lang='lat' dir='ltr'>manu</span> <span class='ocrx_word' id='word_1_8' title='bbox 1137 392 1344 447; x_wconf 85' lang='lat' dir='ltr'>scriptum</span> <span class='ocrx_word' id='word_1_9' title='bbox 1379 394 1443 432; x_wconf 89' lang='lat' dir='ltr'>est</span> <span class='ocrx_word' id='word_1_10' title='bbox 1482 401 1558 445; x_wconf 86' lang='lat' dir='ltr'>pro</span> <span class='ocrx_word' id='word_1_11' title='bbox 1589 388 1767 436; x_wconf 72' lang='grc' dir='ltr'><em>πάντας.</em></span> 
     </span>
     <span class='ocr_line' id='line_1_3' title="bbox 192 459 1769 519; baseline -0.004 -14"><span class='ocrx_word' id='word_1_12' title='bbox 192 462 273 505; x_wconf 89' lang='lat' dir='ltr'>Sed</span> <span class='ocrx_word' id='word_1_13' title='bbox 316 463 458 506; x_wconf 61' lang='grc' dir='ltr'><em>πάντα</em></span> <span class='ocrx_word' id='word_1_14' title='bbox 502 467 614 506; x_wconf 63' lang='grc' dir='ltr'><em>νικᾶν</em></span> <span class='ocrx_word' id='word_1_15' title='bbox 650 464 691 506; x_wconf 84' lang='grc'>111</span> <span class='ocrx_word' id='word_1_16' title='bbox 724 462 880 519; x_wconf 84' lang='lat' dir='ltr'>proelio</span> <span class='ocrx_word' id='word_1_17' title='bbox 923 461 1048 504; x_wconf 86' lang='lat' dir='ltr'>habet</span> <span class='ocrx_word' id='word_1_18' title='bbox 1092 461 1260 511; x_wconf 90' lang='lat' dir='ltr'>locum,</span> <span class='ocrx_word' id='word_1_19' title='bbox 1307 460 1378 503; x_wconf 80' lang='lat' dir='ltr'>ubi</span> <span class='ocrx_word' id='word_1_20' title='bbox 1423 459 1512 502; x_wconf 78' lang='lat' dir='ltr'>lieri</span> <span class='ocrx_word' id='word_1_21' title='bbox 1555 463 1691 514; x_wconf 83' lang='lat' dir='ltr'>potest</span> <span class='ocrx_word' id='word_1_22' title='bbox 1722 463 1769 500; x_wconf 86' lang='lat' dir='ltr'>ut</span> 
     </span>
     <span class='ocr_line' id='line_1_4' title="bbox 187 528 1767 588; baseline -0.003 -16"><span class='ocrx_word' id='word_1_23' title='bbox 187 531 377 575; x_wconf 88' lang='lat' dir='ltr'>eiusdem</span> <span class='ocrx_word' id='word_1_24' title='bbox 425 533 638 575; x_wconf 83' lang='lat' dir='ltr'>exereitus</span> <span class='ocrx_word' id='word_1_25' title='bbox 686 545 784 588; x_wconf 87' lang='lat' dir='ltr'>pars</span> <span class='ocrx_word' id='word_1_26' title='bbox 818 533 959 574; x_wconf 84' lang='lat' dir='ltr'>vineat</span> <span class='ocrx_word' id='word_1_27' title='bbox 992 537 1034 574; x_wconf 91' lang='lat' dir='ltr'>et</span> <span class='ocrx_word' id='word_1_28' title='bbox 1078 544 1177 587; x_wconf 87' lang='lat' dir='ltr'>pars</span> <span class='ocrx_word' id='word_1_29' title='bbox 1224 531 1447 579; x_wconf 76' lang='lat' dir='ltr'>vincatur,</span> <span class='ocrx_word' id='word_1_30' title='bbox 1495 528 1767 584; x_wconf 88' lang='lat' dir='ltr'>quemadmo-</span> 
     </span>
     <span class='ocr_line' id='line_1_5' title="bbox 185 597 1766 659; baseline -0.003 -17"><span class='ocrx_word' id='word_1_31' title='bbox 185 599 287 643; x_wconf 84' lang='lat' dir='ltr'>dum</span> <span class='ocrx_word' id='word_1_32' title='bbox 322 603 364 643; x_wconf 90' lang='lat' dir='ltr'>in</span> <span class='ocrx_word' id='word_1_33' title='bbox 399 603 496 659; x_wconf 81' lang='lat' dir='ltr'>Cyri</span> <span class='ocrx_word' id='word_1_34' title='bbox 530 603 719 644; x_wconf 82' lang='lat' dir='ltr'>exercitu</span> <span class='ocrx_word' id='word_1_35' title='bbox 753 601 949 643; x_wconf 81' lang='lat' dir='ltr'>dextrum</span> <span class='ocrx_word' id='word_1_36' title='bbox 985 614 1119 642; x_wconf 87' lang='lat' dir='ltr'>cornu</span> <span class='ocrx_word' id='word_1_37' title='bbox 1163 601 1331 654; x_wconf 78' lang='lat' dir='ltr'><strong>egregie</strong></span> <span class='ocrx_word' id='word_1_38' title='bbox 1375 612 1462 641; x_wconf 87' lang='lat' dir='ltr'>rem</span> <span class='ocrx_word' id='word_1_39' title='bbox 1507 600 1668 653; x_wconf 87' lang='lat' dir='ltr'>gessit,</span> <span class='ocrx_word' id='word_1_40' title='bbox 1712 597 1766 638; x_wconf 83' lang='lat' dir='ltr'>si-</span> 
     </span>
     <span class='ocr_line' id='line_1_6' title="bbox 185 667 1764 726; baseline -0.001 -15"><span class='ocrx_word' id='word_1_41' title='bbox 185 671 371 714; x_wconf 85' lang='lat' dir='ltr'>nistrum</span> <span class='ocrx_word' id='word_1_42' title='bbox 416 671 555 713; x_wconf 84' lang='lat' dir='ltr'>susum</span> <span class='ocrx_word' id='word_1_43' title='bbox 599 671 881 726; x_wconf 81' lang='lat' dir='ltr'>fugatumque</span> <span class='ocrx_word' id='word_1_44' title='bbox 929 675 1006 711; x_wconf 85' lang='lat' dir='ltr'>est.</span> <span class='ocrx_word' id='word_1_45' title='bbox 1072 669 1118 710; x_wconf 92' lang='lat' dir='ltr'>In</span> <span class='ocrx_word' id='word_1_46' title='bbox 1164 669 1304 719; x_wconf 84' lang='lat' dir='ltr'>lucta,</span> <span class='ocrx_word' id='word_1_47' title='bbox 1339 668 1492 717; x_wconf 86' lang='lat' dir='ltr'>credo,</span> <span class='ocrx_word' id='word_1_48' title='bbox 1527 668 1637 710; x_wconf 86' lang='lat' dir='ltr'>idem</span> <span class='ocrx_word' id='word_1_49' title='bbox 1673 667 1764 709; x_wconf 83' lang='lat' dir='ltr'>fieri</span> 
     </span>
     <span class='ocr_line' id='line_1_7' title="bbox 184 737 1765 796; baseline -0.002 -15"><span class='ocrx_word' id='word_1_50' title='bbox 184 753 268 782; x_wconf 91' lang='lat' dir='ltr'>non</span> <span class='ocrx_word' id='word_1_51' title='bbox 310 746 459 796; x_wconf 85' lang='lat' dir='ltr'>potest.</span> <span class='ocrx_word' id='word_1_52' title='bbox 526 739 606 782; x_wconf 86' lang='lat' dir='ltr'>Sed</span> <span class='ocrx_word' id='word_1_53' title='bbox 650 739 753 794; x_wconf 82' lang='lat' dir='ltr'>quid</span> <span class='ocrx_word' id='word_1_54' title='bbox 799 752 915 781; x_wconf 86' lang='lat' dir='ltr'>cesso</span> <span class='ocrx_word' id='word_1_55' title='bbox 950 751 1092 780; x_wconf 87' lang='lat' dir='ltr'>veram</span> <span class='ocrx_word' id='word_1_56' title='bbox 1140 737 1363 780; x_wconf 88' lang='lat' dir='ltr'>lectionem</span> <span class='ocrx_word' id='word_1_57' title='bbox 1413 738 1607 792; x_wconf 88' lang='lat' dir='ltr'>aperire,</span> <span class='ocrx_word' id='word_1_58' title='bbox 1656 749 1765 792; x_wconf 88' lang='lat' dir='ltr'>quae</span> 
     </span>
     <span class='ocr_line' id='line_1_8' title="bbox 182 805 1764 861; baseline -0.001 -12"><span class='ocrx_word' id='word_1_59' title='bbox 182 807 286 851; x_wconf 83' lang='lat' dir='ltr'>haec</span> <span class='ocrx_word' id='word_1_60' title='bbox 318 814 404 851; x_wconf 82' lang='lat' dir='ltr'>est:</span> <span class='ocrx_word' id='word_1_61' title='bbox 439 807 478 850; x_wconf 83' lang='grc' dir='ltr'>ἓν</span> <span class='ocrx_word' id='word_1_62' title='bbox 507 810 551 851; x_wconf 82' lang='grc' dir='ltr'>ἐκ</span> <span class='ocrx_word' id='word_1_63' title='bbox 585 813 747 851; x_wconf 76' lang='grc' dir='ltr'><em>πολλῶν</em></span> <span class='ocrx_word' id='word_1_64' title='bbox 780 809 940 861; x_wconf 71' lang='grc' dir='ltr'><em>εἰρήσθω</em></span> <span class='ocrx_word' id='word_1_65' title='bbox 971 823 1038 858; x_wconf 88' lang='grc' dir='ltr'><em>μοι</em></span> <span class='ocrx_word' id='word_1_66' title='bbox 1069 808 1108 849; x_wconf 85' lang='grc' dir='ltr'>ἕν</span> <span class='ocrx_word' id='word_1_67' title='bbox 1139 805 1165 860; x_wconf 79' lang='grc' dir='ltr'><em>ᾧ</em></span> <span class='ocrx_word' id='word_1_68' title='bbox 1195 807 1337 850; x_wconf 66' lang='grc' dir='ltr'><em>πάντ-οι</em></span> <span class='ocrx_word' id='word_1_69' title='bbox 1359 821 1367 830; x_wconf 87' lang='grc'><em>·</em></span> <span class='ocrx_word' id='word_1_70' title='bbox 1401 813 1501 854; x_wconf 80' lang='grc' dir='ltr'>παῖς</span> <span class='ocrx_word' id='word_1_71' title='bbox 1533 808 1646 849; x_wconf 78' lang='grc' dir='ltr'><em>ἐνίκοο</em></span> <span class='ocrx_word' id='word_1_72' title='bbox 1680 806 1764 848; x_wconf 69' lang='grc' dir='ltr'><em>ποί-</em></span> 
     </span>
     <span class='ocr_line' id='line_1_9' title="bbox 180 876 1766 928; baseline -0.001 -9"><span class='ocrx_word' id='word_1_73' title='bbox 180 887 255 926; x_wconf 75' lang='grc' dir='ltr'>λην</span> <span class='ocrx_word' id='word_1_74' title='bbox 298 877 440 928; x_wconf 69' lang='grc' dir='ltr'><em>ἴσθμιικ</em></span> <span class='ocrx_word' id='word_1_75' title='bbox 486 879 572 920; x_wconf 82' lang='grc' dir='ltr'>κτέ.</span> <span class='ocrx_word' id='word_1_76' title='bbox 638 877 764 919; x_wconf 80' lang='lat' dir='ltr'>Plane</span> <span class='ocrx_word' id='word_1_77' title='bbox 805 877 950 919; x_wconf 92' lang='lat' dir='ltr'>eodem</span> <span class='ocrx_word' id='word_1_78' title='bbox 988 876 1111 919; x_wconf 87' lang='lat' dir='ltr'>modo</span> <span class='ocrx_word' id='word_1_79' title='bbox 1144 877 1292 920; x_wconf 85' lang='lat' dir='ltr'>Latine</span> <span class='ocrx_word' id='word_1_80' title='bbox 1319 876 1504 919; x_wconf 88' lang='lat' dir='ltr'>dicitur:</span> <span class='ocrx_word' id='word_1_81' title='bbox 1549 890 1680 918; x_wconf 88' lang='lat' dir='ltr'>uuum</span> <span class='ocrx_word' id='word_1_82' title='bbox 1713 876 1766 919; x_wconf 91' lang='lat' dir='ltr'>de</span> 
     </span>
     <span class='ocr_line' id='line_1_10' title="bbox 182 945 1763 1003; baseline 0 -15"><span class='ocrx_word' id='word_1_83' title='bbox 182 945 330 988; x_wconf 85' lang='lat' dir='ltr'>multis</span> <span class='ocrx_word' id='word_1_84' title='bbox 371 946 550 989; x_wconf 81' lang='lat' dir='ltr'>reseram</span> <span class='ocrx_word' id='word_1_85' title='bbox 572 980 581 995; x_wconf 96' lang='lat'><strong>‚</strong></span> <span class='ocrx_word' id='word_1_86' title='bbox 625 947 666 988; x_wconf 80' lang='lat' dir='ltr'>in</span> <span class='ocrx_word' id='word_1_87' title='bbox 700 961 778 1003; x_wconf 78' lang='lat' dir='ltr'>quo</span> <span class='ocrx_word' id='word_1_88' title='bbox 815 954 908 988; x_wconf 78' lang='lat' dir='ltr'>sunl</span> <span class='ocrx_word' id='word_1_89' title='bbox 943 947 1092 988; x_wconf 80' lang='lat' dir='ltr'>omnia.</span> <span class='ocrx_word' id='word_1_90' title='bbox 1158 948 1380 989; x_wconf 84' lang='lat' dir='ltr'>Praeterea</span> <span class='ocrx_word' id='word_1_91' title='bbox 1420 946 1554 989; x_wconf 84' lang='lat' dir='ltr'>delevi</span> <span class='ocrx_word' id='word_1_92' title='bbox 1590 960 1763 1002; x_wconf 89' lang='lat' dir='ltr'>praepo-</span> 
     </span>
     <span class='ocr_line' id='line_1_11' title="bbox 181 1016 1763 1074; baseline 0.001 -17"><span class='ocrx_word' id='word_1_93' title='bbox 181 1016 379 1058; x_wconf 85' lang='lat' dir='ltr'>sitionem</span> <span class='ocrx_word' id='word_1_94' title='bbox 421 1017 462 1058; x_wconf 91' lang='lat' dir='ltr'>in</span> <span class='ocrx_word' id='word_1_95' title='bbox 509 1016 674 1059; x_wconf 88' lang='lat' dir='ltr'>verbis:</span> <span class='ocrx_word' id='word_1_96' title='bbox 723 1017 834 1059; x_wconf 77' lang='grc' dir='ltr'><em>ἐνίκκ</em></span> <span class='ocrx_word' id='word_1_97' title='bbox 883 1016 1030 1074; x_wconf 64' lang='grc' dir='ltr'>[καιτοι]</span> <span class='ocrx_word' id='word_1_98' title='bbox 1079 1016 1218 1065; x_wconf 68' lang='grc' dir='ltr'><em>πάλην</em></span> <span class='ocrx_word' id='word_1_99' title='bbox 1257 1017 1413 1068; x_wconf 76' lang='grc' dir='ltr'><em>ἴσθμιοι.</em></span> <span class='ocrx_word' id='word_1_100' title='bbox 1479 1017 1582 1068; x_wconf 89' lang='lat' dir='ltr'>Quis</span> <span class='ocrx_word' id='word_1_101' title='bbox 1624 1017 1763 1058; x_wconf 89' lang='lat' dir='ltr'>nescit</span> 
     </span>
     <span class='ocr_line' id='line_1_12' title="bbox 180 1085 1760 1142; baseline 0.001 -16"><span class='ocrx_word' id='word_1_102' title='bbox 180 1098 307 1140; x_wconf 82' lang='lat' dir='ltr'>quan]</span> <span class='ocrx_word' id='word_1_103' title='bbox 342 1099 466 1142; x_wconf 80' lang='lat' dir='ltr'>Saepe</span> <span class='ocrx_word' id='word_1_104' title='bbox 500 1086 658 1129; x_wconf 79' lang='lat' dir='ltr'>Graece</span> <span class='ocrx_word' id='word_1_105' title='bbox 691 1086 859 1128; x_wconf 78' lang='lat' dir='ltr'>dicatur</span> <span class='ocrx_word' id='word_1_106' title='bbox 887 1089 1000 1128; x_wconf 71' lang='grc' dir='ltr'><em>νικοῖν</em></span> <span class='ocrx_word' id='word_1_107' title='bbox 1033 1087 1255 1137; x_wconf 76' lang='grc' dir='ltr'><em>Ὀλύμπιοι</em></span> <span class='ocrx_word' id='word_1_108' title='bbox 1284 1085 1565 1138; x_wconf 71' lang='grc' dir='ltr'><em>πκγκροέτιον,</em></span> <span class='ocrx_word' id='word_1_109' title='bbox 1598 1086 1760 1135; x_wconf 69' lang='grc' dir='ltr'><em>ποέλνιν,</em></span> 
     </span>
     <span class='ocr_line' id='line_1_13' title="bbox 179 1154 1764 1211; baseline 0 -15"><span class='ocrx_word' id='word_1_110' title='bbox 179 1154 374 1206; x_wconf 81' lang='grc' dir='ltr'><em>δολιχόν,</em></span> <span class='ocrx_word' id='word_1_111' title='bbox 421 1157 556 1201; x_wconf 55' lang='lat' dir='ltr'>edam</span> <span class='ocrx_word' id='word_1_112' title='bbox 591 1162 631 1198; x_wconf 85' lang='lat' dir='ltr'>et</span> <span class='ocrx_word' id='word_1_113' title='bbox 664 1156 850 1204; x_wconf 80' lang='lat' dir='ltr'>similia,</span> <span class='ocrx_word' id='word_1_114' title='bbox 894 1155 1049 1210; x_wconf 78' lang='lat' dir='ltr'>quihus</span> <span class='ocrx_word' id='word_1_115' title='bbox 1082 1169 1206 1196; x_wconf 89' lang='lat' dir='ltr'>nemo</span> <span class='ocrx_word' id='word_1_116' title='bbox 1249 1168 1449 1211; x_wconf 84' lang='lat' dir='ltr'>umquam</span> <span class='ocrx_word' id='word_1_117' title='bbox 1485 1156 1764 1210; x_wconf 85' lang='lat' dir='ltr'>praepositio-</span> 
     </span>
     <span class='ocr_line' id='line_1_14' title="bbox 182 1224 1761 1276; baseline 0 -11"><span class='ocrx_word' id='word_1_118' title='bbox 182 1236 278 1266; x_wconf 84' lang='lat' dir='ltr'>nem</span> <span class='ocrx_word' id='word_1_119' title='bbox 310 1224 428 1267; x_wconf 79' lang='lat' dir='ltr'>addit</span> <span class='ocrx_word' id='word_1_120' title='bbox 470 1226 583 1267; x_wconf 62' lang='grc' dir='ltr'>κκτά</span> <span class='ocrx_word' id='word_1_121' title='bbox 624 1224 915 1276; x_wconf 62' lang='grc' dir='ltr'><em>παγκράτιον,</em></span> <span class='ocrx_word' id='word_1_122' title='bbox 960 1225 1073 1266; x_wconf 60' lang='grc' dir='ltr'>κατὰ</span> <span class='ocrx_word' id='word_1_123' title='bbox 1106 1224 1271 1274; x_wconf 60' lang='lat' dir='ltr'>eciam,</span> <span class='ocrx_word' id='word_1_124' title='bbox 1303 1226 1416 1266; x_wconf 59' lang='lat' dir='ltr'>scm-02</span> <span class='ocrx_word' id='word_1_125' title='bbox 1455 1224 1608 1272; x_wconf 65' lang='grc' dir='ltr'><em>πάλην.</em></span> <span class='ocrx_word' id='word_1_126' title='bbox 1674 1224 1761 1266; x_wconf 86' lang='lat' dir='ltr'>Hoc</span> 
     </span>
     <span class='ocr_line' id='line_1_15' title="bbox 181 1293 1763 1350; baseline 0 -15"><span class='ocrx_word' id='word_1_127' title='bbox 181 1307 351 1350; x_wconf 85' lang='lat' dir='ltr'>quoque</span> <span class='ocrx_word' id='word_1_128' title='bbox 383 1295 582 1336; x_wconf 87' lang='lat' dir='ltr'>mendum</span> <span class='ocrx_word' id='word_1_129' title='bbox 616 1309 698 1336; x_wconf 89' lang='lat' dir='ltr'>non</span> <span class='ocrx_word' id='word_1_130' title='bbox 732 1294 901 1343; x_wconf 65' lang='lat' dir='ltr'>(jodici,</span> <span class='ocrx_word' id='word_1_131' title='bbox 936 1293 1007 1336; x_wconf 83' lang='lat' dir='ltr'>sed</span> <span class='ocrx_word' id='word_1_132' title='bbox 1043 1294 1192 1350; x_wconf 84' lang='lat' dir='ltr'>Mynae</span> <span class='ocrx_word' id='word_1_133' title='bbox 1226 1295 1526 1349; x_wconf 69' lang='lat' dir='ltr'>imputaverim</span> <span class='ocrx_word' id='word_1_134' title='bbox 1555 1294 1659 1335; x_wconf 81' lang='lat' dir='ltr'>alias</span> <span class='ocrx_word' id='word_1_135' title='bbox 1692 1306 1763 1336; x_wconf 88' lang='lat' dir='ltr'>res</span> 
     </span>
     <span class='ocr_line' id='line_1_16' title="bbox 179 1363 1762 1421; baseline 0.001 -17"><span class='ocrx_word' id='word_1_136' title='bbox 179 1364 292 1405; x_wconf 88' lang='lat' dir='ltr'>inter</span> <span class='ocrx_word' id='word_1_137' title='bbox 320 1363 644 1406; x_wconf 79' lang='lat' dir='ltr'>describendum</span> <span class='ocrx_word' id='word_1_138' title='bbox 674 1365 845 1420; x_wconf 83' lang='lat' dir='ltr'>agenti,</span> <span class='ocrx_word' id='word_1_139' title='bbox 879 1376 1002 1419; x_wconf 89' lang='lat' dir='ltr'>quem</span> <span class='ocrx_word' id='word_1_140' title='bbox 1039 1365 1203 1407; x_wconf 86' lang='lat' dir='ltr'>vicinae</span> <span class='ocrx_word' id='word_1_141' title='bbox 1239 1364 1425 1421; x_wconf 77' lang='lat' dir='ltr'>syllabae</span> <span class='ocrx_word' id='word_1_142' title='bbox 1447 1389 1506 1394; x_wconf 89' lang='lat'>—</span> <span class='ocrx_word' id='word_1_143' title='bbox 1533 1381 1587 1406; x_wconf 75' lang='grc' dir='ltr'><em>κοι</em></span> <span class='ocrx_word' id='word_1_144' title='bbox 1615 1380 1677 1406; x_wconf 78' lang='grc' dir='ltr'>ποι</span> <span class='ocrx_word' id='word_1_145' title='bbox 1701 1388 1762 1395; x_wconf 93' lang='grc'>-</span> 
     </span>
     <span class='ocr_line' id='line_1_17' title="bbox 180 1433 1761 1489; baseline 0.001 -15"><span class='ocrx_word' id='word_1_146' title='bbox 180 1433 429 1488; x_wconf 73' lang='lat' dir='ltr'>impulerint</span> <span class='ocrx_word' id='word_1_147' title='bbox 464 1434 504 1475; x_wconf 89' lang='lat' dir='ltr'>in</span> <span class='ocrx_word' id='word_1_148' title='bbox 536 1434 742 1476; x_wconf 82' lang='lat' dir='ltr'>fraudem.</span> <span class='ocrx_word' id='word_1_149' title='bbox 792 1434 838 1476; x_wconf 91' lang='lat' dir='ltr'>ln</span> <span class='ocrx_word' id='word_1_150' title='bbox 875 1434 1030 1475; x_wconf 82' lang='lat' dir='ltr'>vicinia</span> <span class='ocrx_word' id='word_1_151' title='bbox 1058 1434 1297 1489; x_wconf 75' lang='lat' dir='ltr'>complures</span> <span class='ocrx_word' id='word_1_152' title='bbox 1325 1434 1395 1475; x_wconf 88' lang='lat' dir='ltr'>alii</span> <span class='ocrx_word' id='word_1_153' title='bbox 1422 1447 1587 1476; x_wconf 86' lang='lat' dir='ltr'>errores</span> <span class='ocrx_word' id='word_1_154' title='bbox 1615 1433 1761 1489; x_wconf 87' lang='lat' dir='ltr'>depre-</span> 
     </span>
     <span class='ocr_line' id='line_1_18' title="bbox 181 1502 1761 1559; baseline 0.002 -16"><span class='ocrx_word' id='word_1_155' title='bbox 181 1502 443 1546; x_wconf 85' lang='lat' dir='ltr'>henduntur.</span> <span class='ocrx_word' id='word_1_156' title='bbox 512 1504 685 1559; x_wconf 83' lang='lat' dir='ltr'>Legitur</span> <span class='ocrx_word' id='word_1_157' title='bbox 713 1518 750 1559; x_wconf 89' lang='lat' dir='ltr'>p.</span> <span class='ocrx_word' id='word_1_158' title='bbox 785 1506 861 1545; x_wconf 79' lang='lat'>78:</span> <span class='ocrx_word' id='word_1_159' title='bbox 897 1503 913 1545; x_wconf 81' lang='grc' dir='ltr'><em>ὁ</em></span> <span class='ocrx_word' id='word_1_160' title='bbox 942 1504 1017 1554; x_wconf 80' lang='grc' dir='ltr'>μὲν</span> <span class='ocrx_word' id='word_1_161' title='bbox 1041 1505 1192 1556; x_wconf 68' lang='grc' dir='ltr'><em>οέπῄτει</em></span> <span class='ocrx_word' id='word_1_162' title='bbox 1225 1505 1280 1546; x_wconf 71' lang='grc' dir='ltr'>τοὶ</span> <span class='ocrx_word' id='word_1_163' title='bbox 1309 1505 1540 1556; x_wconf 70' lang='grc' dir='ltr'><em>χρήμκτοε,</em></span> <span class='ocrx_word' id='word_1_164' title='bbox 1577 1505 1594 1545; x_wconf 80' lang='grc' dir='ltr'><em>ὂ</em></span> <span class='ocrx_word' id='word_1_165' title='bbox 1621 1505 1660 1546; x_wconf 80' lang='grc' dir='ltr'>δὲ</span> <span class='ocrx_word' id='word_1_166' title='bbox 1690 1505 1761 1546; x_wconf 77' lang='grc' dir='ltr'><em>οὐκ</em></span> 
     </span>
     <span class='ocr_line' id='line_1_19' title="bbox 179 1572 1761 1626; baseline 0.001 -12"><span class='ocrx_word' id='word_1_167' title='bbox 179 1573 360 1625; x_wconf 70' lang='grc' dir='ltr'><em>ὀφείλειν</em></span> <span class='ocrx_word' id='word_1_168' title='bbox 392 1572 486 1626; x_wconf 65' lang='grc' dir='ltr'>ἔφη.</span> <span class='ocrx_word' id='word_1_169' title='bbox 521 1573 812 1626; x_wconf 61' lang='grc' dir='ltr'><em>κεκρικτηκένκι</em></span> <span class='ocrx_word' id='word_1_170' title='bbox 842 1573 925 1625; x_wconf 62' lang='grc' dir='ltr'>*γὰρ</span> <span class='ocrx_word' id='word_1_171' title='bbox 950 1574 995 1622; x_wconf 68' lang='grc' dir='ltr'>δὴ</span> <span class='ocrx_word' id='word_1_172' title='bbox 1026 1573 1206 1621; x_wconf 74' lang='grc' dir='ltr'><em>ἄκοντος.</em></span> <span class='ocrx_word' id='word_1_173' title='bbox 1271 1577 1353 1620; x_wconf 64' lang='lat' dir='ltr'>‘sse</span> <span class='ocrx_word' id='word_1_174' title='bbox 1384 1573 1425 1615; x_wconf 78' lang='grc' dir='ltr'>δὲ</span> <span class='ocrx_word' id='word_1_175' title='bbox 1457 1573 1565 1615; x_wconf 74' lang='grc' dir='ltr'><em>οὐδὲν</em></span> <span class='ocrx_word' id='word_1_176' title='bbox 1603 1573 1761 1625; x_wconf 72' lang='grc' dir='ltr'><em>ἐπέραι-</em></span> 
     </span>
     <span class='ocr_line' id='line_1_20' title="bbox 179 1640 1763 1697; baseline 0.001 -14"><span class='ocrx_word' id='word_1_177' title='bbox 179 1658 241 1683; x_wconf 83' lang='grc' dir='ltr'>νεν</span> <span class='ocrx_word' id='word_1_178' title='bbox 268 1640 364 1695; x_wconf 72' lang='grc' dir='ltr'><em>ὅρκῳ</em></span> <span class='ocrx_word' id='word_1_179' title='bbox 395 1643 634 1695; x_wconf 77' lang='grc' dir='ltr'><em>τρέπουσιν,</em></span> <span class='ocrx_word' id='word_1_180' title='bbox 670 1643 740 1684; x_wconf 88' lang='lat' dir='ltr'>ubi</span> <span class='ocrx_word' id='word_1_181' title='bbox 773 1641 856 1684; x_wconf 89' lang='lat' dir='ltr'>duo</span> <span class='ocrx_word' id='word_1_182' title='bbox 890 1643 991 1684; x_wconf 87' lang='lat' dir='ltr'>vitia</span> <span class='ocrx_word' id='word_1_183' title='bbox 1027 1643 1200 1684; x_wconf 87' lang='lat' dir='ltr'>insunt:</span> <span class='ocrx_word' id='word_1_184' title='bbox 1237 1643 1421 1697; x_wconf 86' lang='lat' dir='ltr'>primum</span> <span class='ocrx_word' id='word_1_185' title='bbox 1455 1642 1634 1684; x_wconf 85' lang='lat' dir='ltr'>emenda</span> <span class='ocrx_word' id='word_1_186' title='bbox 1668 1643 1763 1685; x_wconf 82' lang='grc' dir='ltr'><em>ἐπέ-</em></span> 
     </span>
     <span class='ocr_line' id='line_1_21' title="bbox 179 1710 1762 1766; baseline 0.001 -13"><span class='ocrx_word' id='word_1_187' title='bbox 179 1727 307 1764; x_wconf 78' lang='grc' dir='ltr'><em>ροιινον</em></span> <span class='ocrx_word' id='word_1_188' title='bbox 356 1725 430 1766; x_wconf 89' lang='lat' dir='ltr'>pro</span> <span class='ocrx_word' id='word_1_189' title='bbox 457 1712 710 1764; x_wconf 72' lang='grc' dir='ltr'><em>,έπέροιινενε</em></span> <span class='ocrx_word' id='word_1_190' title='bbox 760 1717 911 1753; x_wconf 87' lang='lat' dir='ltr'>neuter</span> <span class='ocrx_word' id='word_1_191' title='bbox 942 1711 1056 1752; x_wconf 88' lang='lat' dir='ltr'>enim</span> <span class='ocrx_word' id='word_1_192' title='bbox 1094 1710 1325 1766; x_wconf 82' lang='lat' dir='ltr'>quidquam</span> <span class='ocrx_word' id='word_1_193' title='bbox 1370 1712 1645 1766; x_wconf 83' lang='lat' dir='ltr'>proficiebat,</span> <span class='ocrx_word' id='word_1_194' title='bbox 1693 1725 1762 1754; x_wconf 89' lang='lat' dir='ltr'>ne-</span> 
     </span>
     <span class='ocr_line' id='line_1_22' title="bbox 183 1779 1762 1836; baseline 0 -14"><span class='ocrx_word' id='word_1_195' title='bbox 183 1794 264 1836; x_wconf 91' lang='lat' dir='ltr'>que</span> <span class='ocrx_word' id='word_1_196' title='bbox 296 1780 404 1822; x_wconf 84' lang='lat' dir='ltr'>alter</span> <span class='ocrx_word' id='word_1_197' title='bbox 432 1780 684 1836; x_wconf 84' lang='lat' dir='ltr'>postulando</span> <span class='ocrx_word' id='word_1_198' title='bbox 714 1793 849 1836; x_wconf 86' lang='lat' dir='ltr'>neque</span> <span class='ocrx_word' id='word_1_199' title='bbox 882 1779 1110 1822; x_wconf 84' lang='lat' dir='ltr'>inficiando</span> <span class='ocrx_word' id='word_1_200' title='bbox 1143 1780 1262 1822; x_wconf 81' lang='lat' dir='ltr'>alter.</span> <span class='ocrx_word' id='word_1_201' title='bbox 1329 1780 1436 1832; x_wconf 89' lang='lat' dir='ltr'>Quid</span> <span class='ocrx_word' id='word_1_202' title='bbox 1469 1781 1631 1835; x_wconf 80' lang='lat' dir='ltr'>igitur?</span> <span class='ocrx_word' id='word_1_203' title='bbox 1665 1779 1762 1834; x_wconf 71' lang='grc' dir='ltr'><em>ὅρκῳ</em></span> 
     </span>
     <span class='ocr_line' id='line_1_23' title="bbox 180 1850 1763 1905; baseline 0.001 -13"><span class='ocrx_word' id='word_1_204' title='bbox 180 1851 404 1903; x_wconf 72' lang='grc' dir='ltr'><em>τρέπουσιν.</em></span> <span class='ocrx_word' id='word_1_205' title='bbox 473 1851 582 1903; x_wconf 85' lang='lat' dir='ltr'>Quid</span> <span class='ocrx_word' id='word_1_206' title='bbox 617 1851 721 1898; x_wconf 84' lang='lat' dir='ltr'>hoc,</span> <span class='ocrx_word' id='word_1_207' title='bbox 756 1863 936 1905; x_wconf 85' lang='lat' dir='ltr'>quaeso,</span> <span class='ocrx_word' id='word_1_208' title='bbox 969 1850 1066 1892; x_wconf 77' lang='lat' dir='ltr'>est?</span> <span class='ocrx_word' id='word_1_209' title='bbox 1116 1850 1358 1905; x_wconf 84' lang='lat' dir='ltr'>Interpres:</span> <span class='ocrx_word' id='word_1_210' title='bbox 1411 1851 1490 1892; x_wconf 76' lang='lat' dir='ltr'>»ils</span> <span class='ocrx_word' id='word_1_211' title='bbox 1522 1866 1569 1892; x_wconf 83' lang='lat' dir='ltr'>en</span> <span class='ocrx_word' id='word_1_212' title='bbox 1601 1852 1763 1893; x_wconf 75' lang='lat' dir='ltr'>vinrent</span> 
     </span>
     <span class='ocr_line' id='line_1_24' title="bbox 181 1919 1762 1975; baseline 0 -13"><span class='ocrx_word' id='word_1_213' title='bbox 181 1934 235 1962; x_wconf 78' lang='lat' dir='ltr'>au</span> <span class='ocrx_word' id='word_1_214' title='bbox 269 1922 491 1962; x_wconf 77' lang='lat' dir='ltr'>sermenl.&#39;&#39;</span> <span class='ocrx_word' id='word_1_215' title='bbox 525 1926 565 1962; x_wconf 87' lang='lat' dir='ltr'>et</span> <span class='ocrx_word' id='word_1_216' title='bbox 597 1920 674 1962; x_wconf 85' lang='lat' dir='ltr'>hoe</span> <span class='ocrx_word' id='word_1_217' title='bbox 708 1920 878 1975; x_wconf 87' lang='lat' dir='ltr'>quidem</span> <span class='ocrx_word' id='word_1_218' title='bbox 913 1919 1073 1975; x_wconf 87' lang='lat' dir='ltr'>liquido</span> <span class='ocrx_word' id='word_1_219' title='bbox 1116 1933 1266 1962; x_wconf 86' lang='lat' dir='ltr'>sensus</span> <span class='ocrx_word' id='word_1_220' title='bbox 1308 1919 1387 1961; x_wconf 84' lang='lat' dir='ltr'>loci</span> <span class='ocrx_word' id='word_1_221' title='bbox 1421 1921 1614 1975; x_wconf 86' lang='lat' dir='ltr'>requirit.</span> <span class='ocrx_word' id='word_1_222' title='bbox 1681 1920 1762 1962; x_wconf 88' lang='lat' dir='ltr'>Sed</span> 
     </span>
     <span class='ocr_line' id='line_1_25' title="bbox 181 1988 1760 2045; baseline 0.001 -15"><span class='ocrx_word' id='word_1_223' title='bbox 181 1991 278 2045; x_wconf 84' lang='lat' dir='ltr'>quis</span> <span class='ocrx_word' id='word_1_224' title='bbox 313 1990 482 2032; x_wconf 85' lang='lat' dir='ltr'>tandem</span> <span class='ocrx_word' id='word_1_225' title='bbox 518 1990 675 2032; x_wconf 86' lang='lat' dir='ltr'>Graece</span> <span class='ocrx_word' id='word_1_226' title='bbox 723 1991 862 2032; x_wconf 86' lang='lat' dir='ltr'>sciens</span> <span class='ocrx_word' id='word_1_227' title='bbox 904 1989 1077 2031; x_wconf 87' lang='lat' dir='ltr'>inducet</span> <span class='ocrx_word' id='word_1_228' title='bbox 1108 1990 1148 2030; x_wconf 92' lang='lat' dir='ltr'>in</span> <span class='ocrx_word' id='word_1_229' title='bbox 1189 1990 1379 2031; x_wconf 86' lang='lat' dir='ltr'>animum</span> <span class='ocrx_word' id='word_1_230' title='bbox 1412 1988 1508 2042; x_wconf 68' lang='grc' dir='ltr'><em>ὅρκῳ</em></span> <span class='ocrx_word' id='word_1_231' title='bbox 1553 1991 1760 2042; x_wconf 87' lang='grc' dir='ltr'><em>τρέπειν</em></span> 
     </span>
     <span class='ocr_line' id='line_1_26' title="bbox 182 2058 1761 2115; baseline 0.001 -15"><span class='ocrx_word' id='word_1_232' title='bbox 182 2059 252 2100; x_wconf 88' lang='grc'><strong>1110</strong></span> <span class='ocrx_word' id='word_1_233' title='bbox 286 2073 414 2101; x_wconf 86' lang='lat' dir='ltr'>sensu</span> <span class='ocrx_word' id='word_1_234' title='bbox 461 2059 544 2100; x_wconf 87' lang='lat' dir='ltr'>diei</span> <span class='ocrx_word' id='word_1_235' title='bbox 577 2058 730 2114; x_wconf 77' lang='lat' dir='ltr'>posse?</span> <span class='ocrx_word' id='word_1_236' title='bbox 797 2059 894 2101; x_wconf 87' lang='lat' dir='ltr'>Scin</span> <span class='ocrx_word' id='word_1_237' title='bbox 929 2059 1031 2115; x_wconf 88' lang='lat' dir='ltr'>quid</span> <span class='ocrx_word' id='word_1_238' title='bbox 1067 2072 1214 2101; x_wconf 84' lang='lat' dir='ltr'>verum</span> <span class='ocrx_word' id='word_1_239' title='bbox 1260 2059 1349 2100; x_wconf 78' lang='lat' dir='ltr'>sit?</span> <span class='ocrx_word' id='word_1_240' title='bbox 1395 2059 1761 2110; x_wconf 78' lang='lat' dir='ltr'>Quemadmodum</span> 
     </span>
     <span class='ocr_line' id='line_1_27' title="bbox 182 2127 1761 2185; baseline 0.001 -16"><span class='ocrx_word' id='word_1_241' title='bbox 182 2128 253 2170; x_wconf 91' lang='lat' dir='ltr'>illo</span> <span class='ocrx_word' id='word_1_242' title='bbox 298 2128 387 2170; x_wconf 80' lang='lat' dir='ltr'>loeo</span> <span class='ocrx_word' id='word_1_243' title='bbox 436 2129 584 2185; x_wconf 85' lang='lat' dir='ltr'>Mynas</span> <span class='ocrx_word' id='word_1_244' title='bbox 627 2134 896 2183; x_wconf 76' lang='lat' dir='ltr'>praepostere</span> <span class='ocrx_word' id='word_1_245' title='bbox 945 2128 1299 2183; x_wconf 77' lang='lat' dir='ltr'>praepositionem</span> <span class='ocrx_word' id='word_1_246' title='bbox 1345 2127 1535 2179; x_wconf 85' lang='lat' dir='ltr'>addidit,</span> <span class='ocrx_word' id='word_1_247' title='bbox 1586 2131 1646 2170; x_wconf 86' lang='lat' dir='ltr'>sie</span> <span class='ocrx_word' id='word_1_248' title='bbox 1683 2129 1761 2170; x_wconf 87' lang='lat' dir='ltr'>hoc</span> 
     </span>
     <span class='ocr_line' id='line_1_28' title="bbox 180 2196 1762 2251; baseline 0.001 -12"><span class='ocrx_word' id='word_1_249' title='bbox 180 2197 271 2239; x_wconf 92' lang='lat' dir='ltr'>loco</span> <span class='ocrx_word' id='word_1_250' title='bbox 302 2199 535 2241; x_wconf 83' lang='lat' dir='ltr'>oscitanter</span> <span class='ocrx_word' id='word_1_251' title='bbox 568 2199 725 2239; x_wconf 86' lang='lat' dir='ltr'>omisit.</span> <span class='ocrx_word' id='word_1_252' title='bbox 771 2197 998 2239; x_wconf 85' lang='lat' dir='ltr'>Rescribe:</span> <span class='ocrx_word' id='word_1_253' title='bbox 1032 2196 1128 2250; x_wconf 76' lang='grc' dir='ltr'><em>ἔρκῳ</em></span> <span class='ocrx_word' id='word_1_254' title='bbox 1159 2197 1525 2249; x_wconf 75' lang='grc' dir='ltr'><em>ἐπιτρέπουσιν.</em></span> <span class='ocrx_word' id='word_1_255' title='bbox 1575 2199 1762 2251; x_wconf 86' lang='grc' dir='ltr'><em>Ἐπιτρέ-</em></span> 
     </span>
     <span class='ocr_line' id='line_1_29' title="bbox 182 2267 1761 2323; baseline 0 -13"><span class='ocrx_word' id='word_1_256' title='bbox 182 2284 271 2310; x_wconf 87' lang='grc' dir='ltr'><em>πειν</em></span> <span class='ocrx_word' id='word_1_257' title='bbox 304 2274 390 2310; x_wconf 88' lang='lat' dir='ltr'>est:</span> <span class='ocrx_word' id='word_1_258' title='bbox 427 2268 513 2309; x_wconf 66' lang='lat' dir='ltr'>litis</span> <span class='ocrx_word' id='word_1_259' title='bbox 545 2267 606 2309; x_wconf 92' lang='lat' dir='ltr'>vel</span> <span class='ocrx_word' id='word_1_260' title='bbox 641 2267 938 2308; x_wconf 71' lang='lat' dir='ltr'>controversiae</span> <span class='ocrx_word' id='word_1_261' title='bbox 969 2267 1224 2308; x_wconf 72' lang='lat' dir='ltr'>dirimendae</span> <span class='ocrx_word' id='word_1_262' title='bbox 1251 2267 1473 2309; x_wconf 74' lang='lat' dir='ltr'>arbitrium</span> <span class='ocrx_word' id='word_1_263' title='bbox 1497 2269 1761 2323; x_wconf 71' lang='lat' dir='ltr'>permittere,</span> 
     </span>
     <span class='ocr_line' id='line_1_30' title="bbox 183 2336 1761 2394; baseline 0.001 -15"><span class='ocrx_word' id='word_1_264' title='bbox 183 2342 230 2379; x_wconf 79' lang='lat' dir='ltr'>ut</span> <span class='ocrx_word' id='word_1_265' title='bbox 262 2337 372 2393; x_wconf 81' lang='lat' dir='ltr'>apud</span> <span class='ocrx_word' id='word_1_266' title='bbox 409 2336 701 2394; x_wconf 72' lang='lat' dir='ltr'>Thucydidem</span> <span class='ocrx_word' id='word_1_267' title='bbox 737 2336 767 2377; x_wconf 91' lang='lat' dir='ltr'>I.</span> <span class='ocrx_word' id='word_1_268' title='bbox 804 2339 887 2378; x_wconf 70' lang='lat'>28:</span> <span class='ocrx_word' id='word_1_269' title='bbox 922 2337 1058 2385; x_wconf 69' lang='grc' dir='ltr'><em>ἤθελον</em></span> <span class='ocrx_word' id='word_1_270' title='bbox 1091 2337 1132 2378; x_wconf 78' lang='grc' dir='ltr'>δὲ</span> <span class='ocrx_word' id='word_1_271' title='bbox 1165 2336 1233 2378; x_wconf 56' lang='lat' dir='ltr'>&#39;cxl</span> <span class='ocrx_word' id='word_1_272' title='bbox 1268 2338 1322 2389; x_wconf 73' lang='grc' dir='ltr'>τῷ</span> <span class='ocrx_word' id='word_1_273' title='bbox 1356 2338 1395 2378; x_wconf 80' lang='grc' dir='ltr'>ἐν</span> <span class='ocrx_word' id='word_1_274' title='bbox 1428 2343 1612 2392; x_wconf 72' lang='grc' dir='ltr'><em>Δελφοῖς</em></span> <span class='ocrx_word' id='word_1_275' title='bbox 1659 2356 1761 2390; x_wconf 67' lang='grc' dir='ltr'><em>μαιν-</em></span> 
     </span>
     <span class='ocr_line' id='line_1_31' title="bbox 181 2406 1761 2464; baseline 0.001 -15"><span class='ocrx_word' id='word_1_276' title='bbox 181 2408 272 2460; x_wconf 80' lang='grc' dir='ltr'><em>τείῳ</em></span> <span class='ocrx_word' id='word_1_277' title='bbox 319 2407 648 2459; x_wconf 69' lang='grc' dir='ltr'><em>ἐπιτρέψαι,</em></span> <span class='ocrx_word' id='word_1_278' title='bbox 691 2411 732 2447; x_wconf 79' lang='lat' dir='ltr'>et</span> <span class='ocrx_word' id='word_1_279' title='bbox 781 2406 1054 2448; x_wconf 79' lang='lat' dir='ltr'>notissimum</span> <span class='ocrx_word' id='word_1_280' title='bbox 1099 2407 1260 2448; x_wconf 62' lang='lat' dir='ltr'>almvm</span> <span class='ocrx_word' id='word_1_281' title='bbox 1301 2407 1544 2459; x_wconf 76' lang='grc' dir='ltr'><em>ἐπιτρέπειν.</em></span> <span class='ocrx_word' id='word_1_282' title='bbox 1614 2408 1761 2464; x_wconf 86' lang='lat' dir='ltr'>Sequi-</span> 
     </span>
     <span class='ocr_line' id='line_1_32' title="bbox 180 2476 1761 2534; baseline 0.001 -15"><span class='ocrx_word' id='word_1_283' title='bbox 180 2482 278 2519; x_wconf 77' lang='lat' dir='ltr'>tur:</span> <span class='ocrx_word' id='word_1_284' title='bbox 311 2477 378 2519; x_wconf 72' lang='grc' dir='ltr'><em>κοοὶ</em></span> <span class='ocrx_word' id='word_1_285' title='bbox 423 2476 692 2528; x_wconf 74' lang='grc' dir='ltr'>παρελθόντες</span> <span class='ocrx_word' id='word_1_286' title='bbox 729 2477 769 2523; x_wconf 80' lang='grc' dir='ltr'>ἐς</span> <span class='ocrx_word' id='word_1_287' title='bbox 802 2478 848 2518; x_wconf 75' lang='grc' dir='ltr'>τὸ</span> <span class='ocrx_word' id='word_1_288' title='bbox 892 2480 983 2518; x_wconf 74' lang='grc' dir='ltr'><em>τοῦ</em></span> <span class='ocrx_word' id='word_1_289' title='bbox 1029 2477 1217 2527; x_wconf 76' lang='grc' dir='ltr'><em>ἰσθμοῦ</em></span> <span class='ocrx_word' id='word_1_290' title='bbox 1262 2477 1361 2528; x_wconf 80' lang='grc' dir='ltr'><em>ἱερὸν</em></span> <span class='ocrx_word' id='word_1_291' title='bbox 1409 2478 1538 2527; x_wconf 76' lang='grc' dir='ltr'><em>ὤμνυε</em></span> <span class='ocrx_word' id='word_1_292' title='bbox 1586 2479 1761 2534; x_wconf 67' lang='grc' dir='ltr'><em>δημοσίᾳ</em></span> 
     </span>
     <span class='ocr_line' id='line_1_33' title="bbox 181 2545 1760 2598; baseline 0.001 -10"><span class='ocrx_word' id='word_1_293' title='bbox 181 2547 198 2588; x_wconf 81' lang='grc' dir='ltr'><em>ὃ</em></span> <span class='ocrx_word' id='word_1_294' title='bbox 240 2547 313 2594; x_wconf 70' lang='grc' dir='ltr'>τὴν</span> <span class='ocrx_word' id='word_1_295' title='bbox 354 2546 464 2594; x_wconf 70' lang='grc' dir='ltr'><em>νίκην</em></span> <span class='ocrx_word' id='word_1_296' title='bbox 505 2545 752 2596; x_wconf 69' lang='grc' dir='ltr'><em>οὲποδόμενος</em></span> <span class='ocrx_word' id='word_1_297' title='bbox 803 2546 1054 2597; x_wconf 74' lang='grc' dir='ltr'><em>πεπρκκένκι</em></span> <span class='ocrx_word' id='word_1_298' title='bbox 1103 2546 1179 2596; x_wconf 76' lang='grc' dir='ltr'>μὲν</span> <span class='ocrx_word' id='word_1_299' title='bbox 1226 2550 1296 2588; x_wconf 76' lang='grc' dir='ltr'><em>τοῦ</em></span> <span class='ocrx_word' id='word_1_300' title='bbox 1339 2548 1425 2588; x_wconf 82' lang='grc' dir='ltr'><em>θεοῦ</em></span> <span class='ocrx_word' id='word_1_301' title='bbox 1473 2549 1540 2589; x_wconf 78' lang='grc' dir='ltr'>τὸν</span> <span class='ocrx_word' id='word_1_302' title='bbox 1586 2549 1760 2598; x_wconf 71' lang='grc' dir='ltr'><em>οὲγῶνοι,</em></span> 
     </span>
     <span class='ocr_line' id='line_1_34' title="bbox 180 2614 1759 2671; baseline 0.002 -14"><span class='ocrx_word' id='word_1_303' title='bbox 180 2617 417 2668; x_wconf 76' lang='grc' dir='ltr'><em>τρισχιλίοις</em></span> <span class='ocrx_word' id='word_1_304' title='bbox 473 2615 555 2667; x_wconf 67' lang='grc' dir='ltr'>γὰρ</span> <span class='ocrx_word' id='word_1_305' title='bbox 612 2615 903 2665; x_wconf 65' lang='grc' dir='ltr'><em>ὁμολογεῖσθκί</em></span> <span class='ocrx_word' id='word_1_306' title='bbox 955 2616 1003 2656; x_wconf 80' lang='grc' dir='ltr'><em>οἱ.</em></span> <span class='ocrx_word' id='word_1_307' title='bbox 1082 2614 1253 2656; x_wconf 87' lang='lat' dir='ltr'>Nullum</span> <span class='ocrx_word' id='word_1_308' title='bbox 1303 2614 1384 2657; x_wconf 86' lang='lat' dir='ltr'>snit</span> <span class='ocrx_word' id='word_1_309' title='bbox 1440 2630 1640 2671; x_wconf 86' lang='lat' dir='ltr'>umquam</span> <span class='ocrx_word' id='word_1_310' title='bbox 1689 2622 1759 2660; x_wconf 80' lang='grc' dir='ltr'><em>τοῦ</em></span> 
     </span>
     <span class='ocr_line' id='line_1_35' title="bbox 181 2684 1760 2740; baseline 0.002 -13"><span class='ocrx_word' id='word_1_311' title='bbox 181 2686 322 2735; x_wconf 75' lang='grc' dir='ltr'><em>ἰσθμοῦ</em></span> <span class='ocrx_word' id='word_1_312' title='bbox 355 2684 471 2738; x_wconf 75' lang='grc' dir='ltr'><em>ἱερόν.</em></span> <span class='ocrx_word' id='word_1_313' title='bbox 538 2684 726 2726; x_wconf 82' lang='lat' dir='ltr'>Emenda</span> <span class='ocrx_word' id='word_1_314' title='bbox 755 2685 794 2731; x_wconf 82' lang='grc' dir='ltr'>ἐς</span> <span class='ocrx_word' id='word_1_315' title='bbox 828 2685 872 2726; x_wconf 80' lang='grc' dir='ltr'>τὸ</span> <span class='ocrx_word' id='word_1_316' title='bbox 907 2685 1099 2734; x_wconf 85' lang='grc' dir='ltr'><em>Ἰσθμοῖ</em></span> <span class='ocrx_word' id='word_1_317' title='bbox 1135 2684 1260 2736; x_wconf 80' lang='grc' dir='ltr'><em>ἱερόν,</em></span> <span class='ocrx_word' id='word_1_318' title='bbox 1294 2684 1333 2726; x_wconf 87' lang='lat' dir='ltr'>id</span> <span class='ocrx_word' id='word_1_319' title='bbox 1364 2692 1425 2727; x_wconf 85' lang='lat' dir='ltr'>est</span> <span class='ocrx_word' id='word_1_320' title='bbox 1454 2686 1499 2727; x_wconf 81' lang='grc' dir='ltr'>τὸ</span> <span class='ocrx_word' id='word_1_321' title='bbox 1532 2687 1570 2728; x_wconf 82' lang='grc' dir='ltr'>ἐν</span> <span class='ocrx_word' id='word_1_322' title='bbox 1599 2689 1760 2740; x_wconf 78' lang='grc' dir='ltr'><em>Ἰσθμῷ.</em></span> 
     </span>
     <span class='ocr_line' id='line_1_36' title="bbox 183 2753 1759 2808; baseline 0.002 -13"><span class='ocrx_word' id='word_1_323' title='bbox 183 2754 286 2806; x_wconf 90' lang='lat' dir='ltr'>Quis</span> <span class='ocrx_word' id='word_1_324' title='bbox 331 2768 409 2795; x_wconf 88' lang='lat' dir='ltr'>non</span> <span class='ocrx_word' id='word_1_325' title='bbox 458 2754 695 2795; x_wconf 84' lang='lat' dir='ltr'>sexcenties</span> <span class='ocrx_word' id='word_1_326' title='bbox 738 2753 839 2808; x_wconf 82' lang='lat' dir='ltr'>legit</span> <span class='ocrx_word' id='word_1_327' title='bbox 878 2754 1059 2804; x_wconf 79' lang='grc' dir='ltr'><em>Ἰσθμοῖ,</em></span> <span class='ocrx_word' id='word_1_328' title='bbox 1107 2759 1152 2794; x_wconf 85' lang='lat' dir='ltr'>ut</span> <span class='ocrx_word' id='word_1_329' title='bbox 1194 2755 1318 2796; x_wconf 83' lang='grc' dir='ltr'><em>Πυθοῖ</em></span> <span class='ocrx_word' id='word_1_330' title='bbox 1357 2761 1396 2795; x_wconf 92' lang='lat' dir='ltr'>et</span> <span class='ocrx_word' id='word_1_331' title='bbox 1440 2757 1759 2806; x_wconf 66' lang='grc' dir='ltr'><em>Ὀλυμπίκσινῖ</em></span> 
     </span>
     <span class='ocr_line' id='line_1_37' title="bbox 182 2821 1766 2877; baseline 0.003 -14"><span class='ocrx_word' id='word_1_332' title='bbox 182 2821 341 2864; x_wconf 86' lang='lat' dir='ltr'>Eadem</span> <span class='ocrx_word' id='word_1_333' title='bbox 377 2821 509 2864; x_wconf 82' lang='lat' dir='ltr'>forma</span> <span class='ocrx_word' id='word_1_334' title='bbox 542 2823 665 2877; x_wconf 90' lang='lat' dir='ltr'>periit</span> <span class='ocrx_word' id='word_1_335' title='bbox 704 2825 743 2864; x_wconf 88' lang='lat' dir='ltr'>iu</span> <span class='ocrx_word' id='word_1_336' title='bbox 779 2823 935 2864; x_wconf 70' lang='lat' dir='ltr'>vicinia</span> <span class='ocrx_word' id='word_1_337' title='bbox 971 2823 1040 2864; x_wconf 76' lang='lat' dir='ltr'>ubi</span> <span class='ocrx_word' id='word_1_338' title='bbox 1085 2822 1267 2876; x_wconf 81' lang='lat' dir='ltr'>legitur:</span> <span class='ocrx_word' id='word_1_339' title='bbox 1312 2826 1483 2874; x_wconf 79' lang='grc' dir='ltr'><em>”Ωμνυε</em></span> <span class='ocrx_word' id='word_1_340' title='bbox 1521 2827 1561 2867; x_wconf 80' lang='grc' dir='ltr'>δὲ</span> <span class='ocrx_word' id='word_1_341' title='bbox 1607 2828 1766 2868; x_wconf 76' lang='grc' dir='ltr'><em>Ἰοισοῖ</em></span> 
     </span>
     <span class='ocr_line' id='line_1_38' title="bbox 183 2892 1763 2950; baseline 0.004 -18"><span class='ocrx_word' id='word_1_342' title='bbox 183 2892 251 2933; x_wconf 73' lang='grc' dir='ltr'>καὶ</span> <span class='ocrx_word' id='word_1_343' title='bbox 296 2894 436 2933; x_wconf 54' lang='lat' dir='ltr'>‘rafim</span> <span class='ocrx_word' id='word_1_344' title='bbox 477 2895 571 2933; x_wconf 70' lang='lat' dir='ltr'>uxr&#39;</span> <span class='ocrx_word' id='word_1_345' title='bbox 614 2893 855 2945; x_wconf 66' lang='grc' dir='ltr'><em>ὄφθκλμοὺς</em></span> <span class='ocrx_word' id='word_1_346' title='bbox 900 2899 973 2941; x_wconf 76' lang='grc' dir='ltr'>τῆς</span> <span class='ocrx_word' id='word_1_347' title='bbox 1007 2892 1221 2939; x_wconf 60' lang='grc' dir='ltr'><em>Ἑλλάδος.</em></span> <span class='ocrx_word' id='word_1_348' title='bbox 1286 2894 1525 2949; x_wconf 78' lang='lat' dir='ltr'>Interpres;</span> <span class='ocrx_word' id='word_1_349' title='bbox 1577 2895 1632 2935; x_wconf 85' lang='lat' dir='ltr'>»ll</span> <span class='ocrx_word' id='word_1_350' title='bbox 1662 2896 1763 2950; x_wconf 82' lang='lat' dir='ltr'>jura</span> 
     </span>
     <span class='ocr_line' id='line_1_39' title="bbox 179 2960 1766 3020; baseline 0.004 -18"><span class='ocrx_word' id='word_1_351' title='bbox 179 2973 260 3015; x_wconf 79' lang='lat' dir='ltr'>par</span> <span class='ocrx_word' id='word_1_352' title='bbox 291 2961 333 3004; x_wconf 81' lang='lat' dir='ltr'>la</span> <span class='ocrx_word' id='word_1_353' title='bbox 374 2961 511 3006; x_wconf 70' lang='lat' dir='ltr'>deesse</span> <span class='ocrx_word' id='word_1_354' title='bbox 542 2960 663 3012; x_wconf 76' lang='lat' dir='ltr'>Iaso,</span> <span class='ocrx_word' id='word_1_355' title='bbox 698 2968 737 3006; x_wconf 89' lang='lat' dir='ltr'>et</span> <span class='ocrx_word' id='word_1_356' title='bbox 772 2961 809 3004; x_wconf 89' lang='lat' dir='ltr'>le</span> <span class='ocrx_word' id='word_1_357' title='bbox 845 2962 889 3005; x_wconf 83' lang='lat' dir='ltr'>lit</span> <span class='ocrx_word' id='word_1_358' title='bbox 923 2976 1021 3006; x_wconf 86' lang='lat' dir='ltr'>sous</span> <span class='ocrx_word' id='word_1_359' title='bbox 1056 2962 1114 3005; x_wconf 86' lang='lat' dir='ltr'>les</span> <span class='ocrx_word' id='word_1_360' title='bbox 1146 2975 1257 3020; x_wconf 77' lang='lat' dir='ltr'>yeux</span> <span class='ocrx_word' id='word_1_361' title='bbox 1286 2962 1337 3006; x_wconf 88' lang='lat' dir='ltr'>de</span> <span class='ocrx_word' id='word_1_362' title='bbox 1374 2969 1491 3006; x_wconf 81' lang='lat' dir='ltr'>toute</span> <span class='ocrx_word' id='word_1_363' title='bbox 1519 2964 1557 3007; x_wconf 82' lang='lat' dir='ltr'>la</span> <span class='ocrx_word' id='word_1_364' title='bbox 1585 2964 1766 3015; x_wconf 59' lang='lat' dir='ltr'>Grecess&#39;,</span> 
     </span>
     <span class='ocr_line' id='line_1_40' title="bbox 1421 3037 1437 3062; baseline 0 0"><span class='ocrx_word' id='word_1_365' title='bbox 1421 3037 1437 3062; x_wconf 79' lang='lat'>2</span> 
     </span>
    </p>
   </div>
  </div>
 </body>
</html>
