2366 3540
971 288 1014 328 11

208 400 483 453 ἐξαμαρτεῖν,
530 404 676 455 estque
708 400 748 441 in
784 401 999 443 nonnullis
1047 407 1131 444 tam
1167 403 1390 447 manifesta
1430 404 1544 446 fraus
1586 410 1631 447 ut
1671 404 1777 445 dilli-

207 470 287 511 cile
324 470 379 511 sit
419 469 553 511 risum
585 471 816 513 continere.
882 470 1164 514 Vehementer
1188 473 1321 515 miror
1346 487 1428 529 quo
1462 480 1582 530 paeto
1612 474 1777 518 Editori

207 538 312 580 nihil
355 538 507 580 horum
544 538 780 589 otiolum-it,
824 540 896 594 qui
938 541 1001 582 vel
1049 542 1091 582 in
1129 541 1449 585 absurdissimis
1483 544 1664 587 colorem
1703 544 1778 586 ati-

207 621 331 664 quem
361 610 547 664 reperire
581 609 736 662 satagit
770 622 852 663 quo
885 608 978 650 illas
1011 610 1191 664 ineptias
1227 616 1364 665 tegat,
1398 612 1555 663 leniat,
1589 620 1776 656 excuset.

209 677 385 734 Saepius
419 678 590 720 Graecis
624 677 782 719 Gallica
823 677 946 732 plane
984 677 1152 719 diversa
1181 681 1352 734 opponit
1394 687 1434 722 et
1464 683 1659 725 omnibus
1694 697 1778 725 mo-

208 747 273 789 dis
304 745 595 789 laborantibus
628 759 676 787 ae
710 746 936 788 ruentibus
965 747 1212 802 opitulatur.
1277 749 1605 806 Nonnumquam
1635 752 1779 794 Minoi·

207 815 305 865 des,
339 816 409 871 qui
438 813 562 864 ἓ’τ,τι
597 831 662 857 κεν
696 816 760 856 ἐπ’
794 816 1018 868 ἀκκιρίμαιν
1052 821 1248 866 γλῶσσαν
1282 817 1375 872 ἔλθῃ
1422 820 1617 875 supplere
1649 821 1780 872 solet,

207 884 407 928 Gallicam
443 884 639 939 loquendi
675 884 1026 927 consuetudinem
1067 887 1266 942 antiquae
1299 887 1481 931 Graecae
1512 891 1706 946 imperite
1739 898 1780 932 et

207 953 453 996 ioculariter
486 954 724 997 substituit.
793 955 910 1006 Quod
952 955 1056 998 Galli
1092 957 1133 998 in
1179 970 1223 999 re
1258 960 1463 1000 amatoria
1507 965 1547 1001 et
1591 960 1779 1002 adulato-

207 1024 270 1065 ria
319 1023 530 1079 appellant
565 1023 711 1065 adoret·
753 1023 910 1067 Graece
953 1025 1174 1078 θαυμάζειν
1223 1026 1410 1076 dicitur,
1459 1029 1690 1072 scitissime
1735 1035 1781 1072 ut

208 1092 313 1135 nihil
346 1106 488 1148 supra.
555 1093 663 1145 Quid
697 1093 859 1135 diceres
891 1095 926 1135 si
960 1096 1054 1150 quis
1083 1108 1157 1151 pro
1200 1095 1422 1149 θκυμαέζειν
1457 1098 1580 1140 vellet
1613 1115 1780 1151 προσκυ-

206 1168 284 1205 νεῖν
318 1163 588 1218 supponere?
654 1162 828 1204 Rideres
870 1163 1083 1206 hominem
1119 1170 1159 1206 et
1194 1166 1381 1208 insanire
1425 1173 1607 1221 putares,
1672 1168 1780 1210 Risi-

206 1245 303 1273 mus
338 1232 597 1273 Simoniden]
638 1246 768 1287 quum
804 1233 916 1274 κατὰ
948 1234 1019 1281 τὴν
1053 1235 1152 1284 ἐμὴν
1185 1235 1333 1276 ἰδέαν
1368 1250 1520 1291 magna
1553 1251 1649 1279 eum
1684 1251 1780 1292 gra·

205 1301 336 1343 vitate
369 1300 559 1343 dixisset.
639 1302 713 1343 ‘nisi
747 1302 986 1353 hominem,
1019 1304 1091 1358 qui
1126 1317 1259 1359 quum
1295 1305 1450 1348 Graece
1483 1306 1606 1348 vellet
1640 1307 1780 1350 dicere

206 1370 247 1412 id
281 1370 389 1426 quod
426 1370 646 1426 proverbio
690 1370 848 1413 Gallico
881 1371 964 1413 dici
1004 1372 1109 1414 solet
1144 1373 1202 1415 ita
1244 1373 1376 1417 dixit:
1419 1376 1464 1417 τὸ
1508 1376 1673 1427 βέλτιον
1708 1393 1780 1420 πο-

205 1441 344 1491 λέμιόν
378 1442 437 1485 ἐςι
470 1442 524 1492 τῷ
558 1441 701 1493 ἀγαθῷ
722 1474 731 1490 ,
776 1441 886 1496 quod
924 1455 977 1483 ne
1007 1442 1281 1485 Aristarchus
1314 1444 1484 1499 quidem
1532 1446 1614 1488 ullo
1658 1447 1781 1489 inodo

206 1509 444 1564 intelligere
479 1515 520 1552 et
553 1511 827 1566 interpretari
861 1512 1079 1566 potuisset.
1147 1512 1271 1555 Verte
1305 1513 1460 1556 Gallice
1493 1521 1534 1557 et
1567 1517 1649 1558 erit
1687 1517 1781 1559 luce

205 1579 376 1621 clarius.
442 1580 573 1620 Homo
614 1579 757 1622 Gallus
799 1580 976 1622 Athenis
1013 1582 1054 1622 in
1090 1595 1187 1623 saxo
1221 1583 1544 1639 insculpemlum
1588 1587 1780 1628 curavit:

204 1651 226 1698 ἦ
273 1647 438 1690 Γαλλίκ
472 1673 531 1679 -
562 1655 635 1698 τῆς
678 1650 932 1701 ἀκροπόλεως
965 1676 1024 1682 —
1055 1652 1128 1699 τὴν
1171 1652 1380 1703 οἷνθὲβκσιν
1415 1679 1473 1685 -—-
1505 1654 1778 1709 ἐξεκάλυψεν.

206 1717 275 1759 Sic
310 1717 584 1759 Hannibalem
631 1717 788 1760 Graece
834 1718 1024 1760 locutum
1067 1732 1159 1761 esse
1192 1721 1338 1772 aiunt,
1384 1736 1463 1764 non
1500 1725 1656 1778 optime
1689 1725 1780 1779 qui-

205 1786 299 1829 dem
335 1785 408 1828 sed
439 1792 578 1829 tamen
616 1794 662 1829 ut
704 1787 883 1842 intelligi
928 1794 1081 1843 posset.
1149 1789 1229 1831 Sed
1267 1790 1588 1834 Atheniensium
1630 1807 1780 1843 nemo,

203 1863 394 1899 veterum
431 1856 552 1906 dico,
587 1863 791 1913 exputare
829 1858 1038 1913 potuisset
1072 1872 1178 1914 quae
1222 1866 1332 1902 esset
1363 1867 1436 1910 τῆς
1469 1863 1724 1914 ἀκροπόλεως
1757 1867 1778 1913 ἡ

204 1926 413 1978 ἀνάβασις
449 1932 488 1969 et
532 1926 633 1981 quid
681 1933 792 1969 esset
828 1929 900 1976 τὴν
940 1927 1150 1979 ἀνάβασιν
1196 1930 1486 1973 §xxxma-rm.
1552 1932 1662 1974 Haec
1701 1934 1781 1988 igi-

206 2003 278 2038 tur
323 1997 463 2038 omnia
507 1996 653 2038 statim
694 1996 908 2049 νεωτερικοέ
957 2010 1048 2039 6336
1080 1997 1131 2039 ab
1167 2011 1418 2054 unoquoque
1453 2000 1778 2056 intelliguntur:

206 2066 361 2121 quibus
404 2067 439 2107 si
480 2065 633 2107 similia
675 2066 783 2121 apud
830 2066 1133 2109 philostratum
1180 2067 1576 2123 ‹teprehemtentur,
1625 2073 1780 2115 tenebi-

206 2149 304 2177 mus
348 2136 620 2191 impostorem
667 2148 715 2177 ac
766 2136 984 2178 falsarium
1032 2136 1318 2180 manifestum.
1393 2139 1542 2196 Itaque
1583 2143 1780 2198 equidem

207 2205 368 2247 dudum
411 2206 559 2247 mirari
597 2204 703 2247 desii
737 2205 1015 2261 quamobrem
1058 2206 1194 2249 Codex
1227 2207 1468 2251 Philostrati
1502 2211 1575 2252 Ms.
1613 2225 1691 2254 non
1726 2215 1782 2255 sit

207 2275 397 2331 prolatus
439 2275 481 2316 in
526 2274 746 2316 hominum
794 2275 1014 2317 doctorum
1051 2277 1273 2319 notitiam:
1324 2291 1473 2322 acme
1521 2281 1660 2325 iudice
1704 2297 1782 2326 eur

207 2346 356 2403 lllynas
387 2344 572 2387 occultet
603 2344 757 2386 librum
789 2346 950 2387 nemini
982 2351 1117 2401 potest
1150 2359 1240 2389 esse
1272 2347 1500 2391 occultum.
1551 2351 1612 2394 Ex
1646 2354 1780 2395 omni·

207 2415 287 2457 bus
322 2427 454 2456 unum
486 2413 677 2456 delibabo
710 2415 898 2470 primum
933 2415 973 2456 in
1008 2429 1090 2471 quo
1122 2428 1274 2471 magna
1317 2431 1385 2460 1116
1417 2433 1511 2475 spes
1548 2427 1660 2464 tenet
1695 2422 1783 2466 fore

209 2490 257 2527 ut
291 2484 394 2526 mihi
430 2497 576 2526 omnes
610 2497 658 2525 ex
691 2484 822 2525 animi
857 2485 1066 2527 sententia
1107 2487 1409 2530 assentiantur.

268 2554 445 2609 Legitur
489 2567 528 2609 p.
566 2556 633 2596 78.
680 2554 720 2594 in
755 2553 867 2596 ludis
907 2554 1165 2597 Graecorum
1199 2555 1317 2598 foeda
1361 2564 1401 2600 et
1439 2558 1646 2614 flagitiosa
1693 2561 1784 2605 fieri

211 2623 366 2666 solere:
411 2623 594 2679 palmam
630 2623 820 2666 venalem
866 2637 984 2667 esse:
1029 2624 1196 2667 laudem
1237 2639 1284 2668 ae
1325 2627 1503 2682 gloriam
1549 2630 1654 2673 alios
1687 2646 1784 2675 ven-

210 2694 334 2743 dere,
383 2694 486 2736 alios
519 2707 674 2737 emere.
751 2694 785 2736 A
830 2693 929 2736 solis
966 2694 1078 2737 ludis
1124 2694 1356 2753 Olympieis
1403 2698 1518 2741 illam
1564 2701 1784 2745 infamiam

211 2764 384 2807 abesse:
429 2764 625 2813 Ἠλείοις,
672 2764 840 2820 inquit,
883 2765 900 2806 ὂ
934 2764 1084 2813 κότινος
1119 2765 1270 2814 ἄσυλος
1298 2767 1408 2819 μένει
1438 2770 1551 2812 κατὰ
1593 2773 1666 2820 τὴν
1703 2789 1784 2815 πηκ-

211 2833 336 2876 motu
376 2832 510 2882 δόξαν.
577 2833 685 2875 Tum
727 2839 950 2890 postquam
991 2838 1341 2879 commemoravit
1386 2840 1682 2895 turpissimum
1728 2841 1785 2884 sa-

212 2903 336 2945 cinus
367 2903 407 2945 in
443 2902 605 2946 Isthmo
638 2905 915 2947 commissum
950 2906 992 2947 in
1035 2906 1165 2948 totius
1203 2905 1403 2951 Graeciae
1446 2909 1607 2960 oculis,
1652 2912 1786 2954 excla-

213 2978 328 3015 mat:
363 2973 404 3015 τί
436 2973 509 3025 μὲν
540 2975 608 3016 οὐκ
642 2973 692 3016 ἂν
725 2975 764 3016 ἐν
793 2975 950 3029 Ἰωνίᾳ,
984 2977 1026 3018 τί
1056 2975 1088 3018 δ’
1121 2978 1188 3019 οὐκ
1224 2976 1274 3019 ἂν
1306 2978 1346 3020 ἐν
1381 2979 1600 3034 Ὀλυμπίᾳ
1632 2981 1785 3032 γένειτν
