<?xml version="1.0" encoding="UTF-8"?>
<!DOCTYPE html PUBLIC "-//W3C//DTD XHTML 1.0 Transitional//EN"
    "http://www.w3.org/TR/xhtml1/DTD/xhtml1-transitional.dtd">
<html xmlns="http://www.w3.org/1999/xhtml" xml:lang="en" lang="en">
 <head>
  <title>
</title>
<meta http-equiv="Content-Type" content="text/html;charset=utf-8" />
  <meta name='ocr-system' content='tesseract 3.04.00' />
  <meta name='ocr-capabilities' content='ocr_page ocr_carea ocr_par ocr_line ocrx_word'/>
</head>
<body>
  <div class='ocr_page' id='page_1' title='image "./dephilostratilib00cobeuoft_0085.png"; bbox 0 0 2316 3491; ppageno 0'>
   <div class='ocr_carea' id='block_1_1' title="bbox 908 205 961 242">
    <p class='ocr_par' dir='ltr' id='par_1_1' title="bbox 908 205 961 242">
     <span class='ocr_line' id='line_1_1' title="bbox 908 205 961 242; baseline 0 0"><span class='ocrx_word' id='word_1_1' title='bbox 908 205 961 242; x_wconf 67' lang='lat'>75)</span> 
     </span>
    </p>
   </div>
   <div class='ocr_carea' id='block_1_2' title="bbox 155 313 1735 2950">
    <p class='ocr_par' dir='ltr' id='par_1_2' title="bbox 155 313 1732 443">
     <span class='ocr_line' id='line_1_2' title="bbox 155 313 1732 373; baseline -0.004 -11"><span class='ocrx_word' id='word_1_2' title='bbox 155 319 216 362; x_wconf 87' lang='lat' dir='ltr'>les</span> <span class='ocrx_word' id='word_1_3' title='bbox 251 323 393 361; x_wconf 75' lang='lat' dir='ltr'>autres</span> <span class='ocrx_word' id='word_1_4' title='bbox 434 331 540 373; x_wconf 75' lang='lat' dir='ltr'>pour</span> <span class='ocrx_word' id='word_1_5' title='bbox 582 318 621 360; x_wconf 81' lang='lat' dir='ltr'>la</span> <span class='ocrx_word' id='word_1_6' title='bbox 658 317 884 373; x_wconf 58' lang='lat' dir='ltr'>milesii-03⁹</span> <span class='ocrx_word' id='word_1_7' title='bbox 949 315 1102 359; x_wconf 82' lang='lat' dir='ltr'>Sanam</span> <span class='ocrx_word' id='word_1_8' title='bbox 1138 319 1212 356; x_wconf 85' lang='lat' dir='ltr'>aut</span> <span class='ocrx_word' id='word_1_9' title='bbox 1253 319 1368 356; x_wconf 89' lang='lat' dir='ltr'>certe</span> <span class='ocrx_word' id='word_1_10' title='bbox 1416 313 1633 357; x_wconf 81' lang='lat' dir='ltr'>meliorem</span> <span class='ocrx_word' id='word_1_11' title='bbox 1677 314 1732 357; x_wconf 88' lang='lat' dir='ltr'>le-</span> 
     </span>
     <span class='ocr_line' id='line_1_3' title="bbox 156 387 874 443; baseline -0.004 -12"><span class='ocrx_word' id='word_1_12' title='bbox 156 390 338 431; x_wconf 85' lang='lat' dir='ltr'>ctionem</span> <span class='ocrx_word' id='word_1_13' title='bbox 373 387 446 430; x_wconf 92' lang='lat' dir='ltr'>diu</span> <span class='ocrx_word' id='word_1_14' title='bbox 478 387 638 429; x_wconf 81' lang='lat' dir='ltr'>frustra</span> <span class='ocrx_word' id='word_1_15' title='bbox 671 387 874 443; x_wconf 86' lang='lat' dir='ltr'>quaesivi.</span> 
     </span>
    </p>

    <p class='ocr_par' dir='ltr' id='par_1_3' title="bbox 156 453 1735 786">
     <span class='ocr_line' id='line_1_4' title="bbox 217 453 1735 510; baseline -0.003 -11"><span class='ocrx_word' id='word_1_16' title='bbox 217 457 404 500; x_wconf 79' lang='lat' dir='ltr'><strong>Facilius</strong></span> <span class='ocrx_word' id='word_1_17' title='bbox 449 463 511 499; x_wconf 84' lang='lat' dir='ltr'>est</span> <span class='ocrx_word' id='word_1_18' title='bbox 555 457 741 498; x_wconf 81' lang='lat' dir='ltr'><strong>eximere</strong></span> <span class='ocrx_word' id='word_1_19' title='bbox 780 455 979 498; x_wconf 86' lang='lat' dir='ltr'>mendum</span> <span class='ocrx_word' id='word_1_20' title='bbox 1029 468 1076 498; x_wconf 87' lang='lat' dir='ltr'>ex</span> <span class='ocrx_word' id='word_1_21' title='bbox 1127 468 1220 510; x_wconf 82' lang='lat' dir='ltr'>pag.</span> <span class='ocrx_word' id='word_1_22' title='bbox 1253 457 1334 503; x_wconf 90' lang='lat'>60,</span> <span class='ocrx_word' id='word_1_23' title='bbox 1373 458 1451 497; x_wconf 90' lang='lat'>10:</span> <span class='ocrx_word' id='word_1_24' title='bbox 1502 453 1661 506; x_wconf 69' lang='grc' dir='ltr'><em>πλευραὶ</em></span> <span class='ocrx_word' id='word_1_25' title='bbox 1694 453 1735 496; x_wconf 83' lang='grc' dir='ltr'>δὲ</span> 
     </span>
     <span class='ocr_line' id='line_1_5' title="bbox 156 524 1734 579; baseline -0.002 -10"><span class='ocrx_word' id='word_1_26' title='bbox 156 528 373 578; x_wconf 65' lang='grc' dir='ltr'>εὐκαμπὴς</span> <span class='ocrx_word' id='word_1_27' title='bbox 405 527 473 568; x_wconf 71' lang='grc' dir='ltr'>καὶ</span> <span class='ocrx_word' id='word_1_28' title='bbox 511 526 931 579; x_wconf 71' lang='grc' dir='ltr'><em>προσεγείρουσα</em></span> <span class='ocrx_word' id='word_1_29' title='bbox 974 526 1018 567; x_wconf 81' lang='grc' dir='ltr'>τὸ</span> <span class='ocrx_word' id='word_1_30' title='bbox 1057 525 1186 576; x_wconf 83' lang='grc' dir='ltr'><em>ςέρνον</em></span> <span class='ocrx_word' id='word_1_31' title='bbox 1224 526 1367 571; x_wconf 83' lang='grc' dir='ltr'><em>ἱκανῶς</em></span> <span class='ocrx_word' id='word_1_32' title='bbox 1402 529 1510 566; x_wconf 80' lang='grc' dir='ltr'><em>ποιεῖ</em></span> <span class='ocrx_word' id='word_1_33' title='bbox 1539 524 1734 566; x_wconf 79' lang='grc' dir='ltr'><em>παλαίειν</em></span> 
     </span>
     <span class='ocr_line' id='line_1_6' title="bbox 156 593 1733 646; baseline -0.003 -7"><span class='ocrx_word' id='word_1_34' title='bbox 156 614 202 639; x_wconf 85' lang='grc' dir='ltr'>τε</span> <span class='ocrx_word' id='word_1_35' title='bbox 236 597 303 639; x_wconf 78' lang='grc' dir='ltr'>καὶ</span> <span class='ocrx_word' id='word_1_36' title='bbox 341 597 606 639; x_wconf 80' lang='grc' dir='ltr'><em>παλαίεσθαι.</em></span> <span class='ocrx_word' id='word_1_37' title='bbox 671 595 800 637; x_wconf 84' lang='lat' dir='ltr'>Nihili</span> <span class='ocrx_word' id='word_1_38' title='bbox 834 600 897 636; x_wconf 81' lang='lat' dir='ltr'>est</span> <span class='ocrx_word' id='word_1_39' title='bbox 925 594 1252 646; x_wconf 73' lang='grc' dir='ltr'><em>προσεγείρουσα.</em></span> <span class='ocrx_word' id='word_1_40' title='bbox 1320 594 1474 635; x_wconf 81' lang='lat' dir='ltr'>Veram</span> <span class='ocrx_word' id='word_1_41' title='bbox 1509 593 1733 635; x_wconf 71' lang='lat' dir='ltr'>lectionem</span> 
     </span>
     <span class='ocr_line' id='line_1_7' title="bbox 156 662 1734 721; baseline -0.002 -13"><span class='ocrx_word' id='word_1_42' title='bbox 156 666 301 708; x_wconf 82' lang='lat' dir='ltr'>elicias</span> <span class='ocrx_word' id='word_1_43' title='bbox 336 679 384 708; x_wconf 85' lang='lat' dir='ltr'>ex</span> <span class='ocrx_word' id='word_1_44' title='bbox 421 679 512 721; x_wconf 73' lang='lat' dir='ltr'>pag.</span> <span class='ocrx_word' id='word_1_45' title='bbox 544 668 626 715; x_wconf 84' lang='lat'><strong>56,</strong></span> <span class='ocrx_word' id='word_1_46' title='bbox 668 667 742 706; x_wconf 85' lang='lat'>14:</span> <span class='ocrx_word' id='word_1_47' title='bbox 788 662 884 714; x_wconf 75' lang='grc' dir='ltr'><em>ὦμοι</em></span> <span class='ocrx_word' id='word_1_48' title='bbox 917 664 1233 716; x_wconf 80' lang='grc' dir='ltr'><em>προσερείδοντες</em></span> <span class='ocrx_word' id='word_1_49' title='bbox 1267 663 1490 716; x_wconf 77' lang='grc' dir='ltr'><em>κεφαλήν,</em></span> <span class='ocrx_word' id='word_1_50' title='bbox 1527 662 1639 705; x_wconf 87' lang='lat' dir='ltr'>unde</span> <span class='ocrx_word' id='word_1_51' title='bbox 1672 676 1734 706; x_wconf 82' lang='lat' dir='ltr'>re·</span> 
     </span>
     <span class='ocr_line' id='line_1_8' title="bbox 156 732 1320 786; baseline -0.003 -9"><span class='ocrx_word' id='word_1_52' title='bbox 156 736 321 778; x_wconf 80' lang='lat' dir='ltr'><strong>scribe:</strong></span> <span class='ocrx_word' id='word_1_53' title='bbox 356 735 514 786; x_wconf 64' lang='grc' dir='ltr'><em>πλευροῖο</em></span> <span class='ocrx_word' id='word_1_54' title='bbox 547 760 607 766; x_wconf 83' lang='grc'><em>-</em></span> <span class='ocrx_word' id='word_1_55' title='bbox 637 733 1066 786; x_wconf 66' lang='grc' dir='ltr'><em>προσερείδουσα</em></span> <span class='ocrx_word' id='word_1_56' title='bbox 1099 733 1144 775; x_wconf 83' lang='grc' dir='ltr'>τὸ</span> <span class='ocrx_word' id='word_1_57' title='bbox 1177 732 1320 785; x_wconf 80' lang='grc' dir='ltr'><em>ςέρνον.</em></span> 
     </span>
    </p>

    <p class='ocr_par' dir='ltr' id='par_1_4' title="bbox 155 800 1734 999">
     <span class='ocr_line' id='line_1_9' title="bbox 217 800 1734 859; baseline 0 -14"><span class='ocrx_word' id='word_1_58' title='bbox 217 804 348 846; x_wconf 81' lang='lat' dir='ltr'>Periit</span> <span class='ocrx_word' id='word_1_59' title='bbox 391 803 538 846; x_wconf 84' lang='lat' dir='ltr'>vocula</span> <span class='ocrx_word' id='word_1_60' title='bbox 579 817 617 859; x_wconf 85' lang='lat' dir='ltr'>p.</span> <span class='ocrx_word' id='word_1_61' title='bbox 649 807 734 854; x_wconf 89' lang='grc'>66,</span> <span class='ocrx_word' id='word_1_62' title='bbox 772 807 853 846; x_wconf 89' lang='lat'>17:</span> <span class='ocrx_word' id='word_1_63' title='bbox 897 807 991 850; x_wconf 76' lang='grc' dir='ltr'>Μῦς</span> <span class='ocrx_word' id='word_1_64' title='bbox 1035 804 1051 844; x_wconf 82' lang='grc' dir='ltr'><em>ὁ</em></span> <span class='ocrx_word' id='word_1_65' title='bbox 1094 803 1355 853; x_wconf 74' lang='grc' dir='ltr'><em>Αἰγύπτιος,</em></span> <span class='ocrx_word' id='word_1_66' title='bbox 1407 800 1490 859; x_wconf 81' lang='grc' dir='ltr'>(ὡς)</span> <span class='ocrx_word' id='word_1_67' title='bbox 1534 802 1614 853; x_wconf 69' lang='grc' dir='ltr'>ἐγὼ</span> <span class='ocrx_word' id='word_1_68' title='bbox 1656 804 1734 845; x_wconf 81' lang='grc' dir='ltr'><em>τῶν</em></span> 
     </span>
     <span class='ocr_line' id='line_1_10' title="bbox 155 870 1734 926; baseline -0.001 -10"><span class='ocrx_word' id='word_1_69' title='bbox 155 873 437 926; x_wconf 76' lang='grc' dir='ltr'><em>πρεσβυτέρων</em></span> <span class='ocrx_word' id='word_1_70' title='bbox 478 874 642 924; x_wconf 69' lang='grc' dir='ltr'><em>ἤκουον,</em></span> <span class='ocrx_word' id='word_1_71' title='bbox 687 874 901 926; x_wconf 65' lang='grc' dir='ltr'><em>ἀνθρώπιον</em></span> <span class='ocrx_word' id='word_1_72' title='bbox 933 873 1006 925; x_wconf 80' lang='grc' dir='ltr'><em>μὲν</em></span> <span class='ocrx_word' id='word_1_73' title='bbox 1054 870 1096 921; x_wconf 74' lang='grc' dir='ltr'><em>ἦν</em></span> <span class='ocrx_word' id='word_1_74' title='bbox 1129 874 1171 915; x_wconf 81' lang='grc' dir='ltr'><em>οὐ</em></span> <span class='ocrx_word' id='word_1_75' title='bbox 1211 872 1329 924; x_wconf 70' lang='grc' dir='ltr'><em>μέγα</em></span> <span class='ocrx_word' id='word_1_76' title='bbox 1361 872 1446 914; x_wconf 83' lang='grc' dir='ltr'>κτὲ.</span> <span class='ocrx_word' id='word_1_77' title='bbox 1511 871 1640 914; x_wconf 84' lang='lat' dir='ltr'>Vides</span> <span class='ocrx_word' id='word_1_78' title='bbox 1682 874 1734 919; x_wconf 82' lang='grc' dir='ltr'>ὡς</span> 
     </span>
     <span class='ocr_line' id='line_1_11' title="bbox 157 943 782 999; baseline -0.002 -13"><span class='ocrx_word' id='word_1_79' title='bbox 157 943 300 986; x_wconf 84' lang='lat' dir='ltr'>abesse</span> <span class='ocrx_word' id='word_1_80' title='bbox 331 943 503 985; x_wconf 88' lang='lat' dir='ltr'>omuino</span> <span class='ocrx_word' id='word_1_81' title='bbox 535 957 614 985; x_wconf 86' lang='lat' dir='ltr'>non</span> <span class='ocrx_word' id='word_1_82' title='bbox 650 957 782 999; x_wconf 86' lang='lat' dir='ltr'>posse.</span> 
     </span>
    </p>

    <p class='ocr_par' dir='ltr' id='par_1_5' title="bbox 155 1010 1735 1628">
     <span class='ocr_line' id='line_1_12' title="bbox 216 1010 1733 1069; baseline -0.001 -15"><span class='ocrx_word' id='word_1_83' title='bbox 216 1012 414 1055; x_wconf 88' lang='lat' dir='ltr'>Meudum</span> <span class='ocrx_word' id='word_1_84' title='bbox 458 1019 521 1055; x_wconf 85' lang='lat' dir='ltr'>est</span> <span class='ocrx_word' id='word_1_85' title='bbox 567 1027 604 1069; x_wconf 92' lang='lat' dir='ltr'>p.</span> <span class='ocrx_word' id='word_1_86' title='bbox 636 1016 722 1064; x_wconf 87' lang='grc'>68,</span> <span class='ocrx_word' id='word_1_87' title='bbox 756 1015 795 1055; x_wconf 88' lang='grc'>6.</span> <span class='ocrx_word' id='word_1_88' title='bbox 841 1012 882 1054; x_wconf 83' lang='grc' dir='ltr'>ἰη</span> <span class='ocrx_word' id='word_1_89' title='bbox 927 1011 1089 1054; x_wconf 88' lang='lat' dir='ltr'>verbis:</span> <span class='ocrx_word' id='word_1_90' title='bbox 1134 1011 1203 1054; x_wconf 75' lang='grc' dir='ltr'>καὶ</span> <span class='ocrx_word' id='word_1_91' title='bbox 1247 1012 1368 1060; x_wconf 71' lang='grc' dir='ltr'><em>ὤνητο</em></span> <span class='ocrx_word' id='word_1_92' title='bbox 1409 1016 1482 1060; x_wconf 75' lang='grc' dir='ltr'>τῆς</span> <span class='ocrx_word' id='word_1_93' title='bbox 1528 1010 1640 1053; x_wconf 80' lang='grc' dir='ltr'><em>νόσου</em></span> <span class='ocrx_word' id='word_1_94' title='bbox 1677 1012 1733 1064; x_wconf 80' lang='grc' dir='ltr'>τῷ</span> 
     </span>
     <span class='ocr_line' id='line_1_13' title="bbox 156 1079 1733 1136; baseline -0.002 -11"><span class='ocrx_word' id='word_1_95' title='bbox 156 1089 240 1130; x_wconf 78' lang='grc' dir='ltr'><em>τοῖς</em></span> <span class='ocrx_word' id='word_1_96' title='bbox 270 1082 514 1136; x_wconf 80' lang='grc' dir='ltr'><em>διεφθορόσιν</em></span> <span class='ocrx_word' id='word_1_97' title='bbox 548 1083 761 1136; x_wconf 77' lang='grc' dir='ltr'><em>ε’ρρῶσθαιε</em></span> <span class='ocrx_word' id='word_1_98' title='bbox 799 1081 1110 1124; x_wconf 81' lang='lat' dir='ltr'>emendandum</span> <span class='ocrx_word' id='word_1_99' title='bbox 1145 1087 1235 1123; x_wconf 82' lang='lat' dir='ltr'>est:</span> <span class='ocrx_word' id='word_1_100' title='bbox 1284 1082 1405 1130; x_wconf 70' lang='grc' dir='ltr'><em>ὤνητο</em></span> <span class='ocrx_word' id='word_1_101' title='bbox 1435 1085 1509 1129; x_wconf 77' lang='grc' dir='ltr'>τῆς</span> <span class='ocrx_word' id='word_1_102' title='bbox 1542 1079 1653 1122; x_wconf 83' lang='grc' dir='ltr'><em>νόσου</em></span> <span class='ocrx_word' id='word_1_103' title='bbox 1687 1082 1733 1123; x_wconf 81' lang='grc' dir='ltr'>τὸ</span> 
     </span>
     <span class='ocr_line' id='line_1_14' title="bbox 159 1148 1733 1210; baseline -0.002 -16"><span class='ocrx_word' id='word_1_104' title='bbox 159 1153 258 1210; x_wconf 87' lang='lat' dir='ltr'>(nou</span> <span class='ocrx_word' id='word_1_105' title='bbox 301 1152 374 1206; x_wconf 70' lang='grc' dir='ltr'>τῷ)</span> <span class='ocrx_word' id='word_1_106' title='bbox 408 1177 467 1184; x_wconf 91' lang='grc'><strong>-</strong></span> <span class='ocrx_word' id='word_1_107' title='bbox 499 1154 698 1205; x_wconf 78' lang='grc' dir='ltr'><em>ἐρρῶσθαι.</em></span> <span class='ocrx_word' id='word_1_108' title='bbox 764 1151 833 1194; x_wconf 80' lang='lat' dir='ltr'>Sic</span> <span class='ocrx_word' id='word_1_109' title='bbox 865 1151 977 1193; x_wconf 89' lang='lat' dir='ltr'>euim</span> <span class='ocrx_word' id='word_1_110' title='bbox 1020 1150 1327 1206; x_wconf 75' lang='lat' dir='ltr'>loquebantur,</span> <span class='ocrx_word' id='word_1_111' title='bbox 1375 1148 1733 1205; x_wconf 80' lang='lat' dir='ltr'>quemadmodum</span> 
     </span>
     <span class='ocr_line' id='line_1_15' title="bbox 158 1219 1735 1275; baseline -0.003 -11"><span class='ocrx_word' id='word_1_112' title='bbox 158 1223 334 1264; x_wconf 69' lang='lat' dir='ltr'>Veteres</span> <span class='ocrx_word' id='word_1_113' title='bbox 379 1223 605 1264; x_wconf 69' lang='grc' dir='ltr'><em>ἀπολαύειν</em></span> <span class='ocrx_word' id='word_1_114' title='bbox 649 1239 688 1264; x_wconf 83' lang='grc' dir='ltr'><em>τι</em></span> <span class='ocrx_word' id='word_1_115' title='bbox 723 1221 827 1269; x_wconf 80' lang='grc' dir='ltr'><em>τινός</em></span> <span class='ocrx_word' id='word_1_116' title='bbox 871 1220 1060 1262; x_wconf 87' lang='lat' dir='ltr'>solebant</span> <span class='ocrx_word' id='word_1_117' title='bbox 1093 1219 1246 1261; x_wconf 88' lang='lat' dir='ltr'>dicere.</span> <span class='ocrx_word' id='word_1_118' title='bbox 1322 1219 1507 1261; x_wconf 85' lang='lat' dir='ltr'>Dixisset</span> <span class='ocrx_word' id='word_1_119' title='bbox 1552 1220 1735 1275; x_wconf 77' lang='lat' dir='ltr'><strong>scriptor</strong></span> 
     </span>
     <span class='ocr_line' id='line_1_16' title="bbox 157 1288 1733 1341; baseline -0.002 -7"><span class='ocrx_word' id='word_1_120' title='bbox 157 1292 353 1334; x_wconf 81' lang='lat' dir='ltr'>Atticus:</span> <span class='ocrx_word' id='word_1_121' title='bbox 402 1293 677 1334; x_wconf 74' lang='grc' dir='ltr'><em>οὲπέλαυσε</em></span> <span class='ocrx_word' id='word_1_122' title='bbox 720 1297 792 1340; x_wconf 73' lang='grc' dir='ltr'>τῆς</span> <span class='ocrx_word' id='word_1_123' title='bbox 839 1291 951 1333; x_wconf 89' lang='grc' dir='ltr'><em>νόσου</em></span> <span class='ocrx_word' id='word_1_124' title='bbox 989 1291 1033 1332; x_wconf 81' lang='grc' dir='ltr'>τὸ</span> <span class='ocrx_word' id='word_1_125' title='bbox 1066 1315 1126 1321; x_wconf 88' lang='lat'>-—</span> <span class='ocrx_word' id='word_1_126' title='bbox 1158 1289 1357 1341; x_wconf 77' lang='grc' dir='ltr'><em>ἐρρῶσθαι.</em></span> <span class='ocrx_word' id='word_1_127' title='bbox 1422 1288 1563 1330; x_wconf 75' lang='lat' dir='ltr'>Etiam</span> <span class='ocrx_word' id='word_1_128' title='bbox 1609 1289 1733 1332; x_wconf 74' lang='grc' dir='ltr'><em>ὀνίνα-</em></span> 
     </span>
     <span class='ocr_line' id='line_1_17' title="bbox 156 1358 1733 1414; baseline -0.003 -10"><span class='ocrx_word' id='word_1_129' title='bbox 156 1364 250 1404; x_wconf 63' lang='lat' dir='ltr'>cdxl</span> <span class='ocrx_word' id='word_1_130' title='bbox 278 1379 316 1404; x_wconf 87' lang='grc' dir='ltr'><em>τι</em></span> <span class='ocrx_word' id='word_1_131' title='bbox 350 1362 485 1412; x_wconf 83' lang='grc' dir='ltr'><em>τινός,</em></span> <span class='ocrx_word' id='word_1_132' title='bbox 527 1362 723 1414; x_wconf 73' lang='grc' dir='ltr'><em>βραχέα,</em></span> <span class='ocrx_word' id='word_1_133' title='bbox 757 1361 910 1414; x_wconf 70' lang='grc' dir='ltr'><em>σμικροὶ</em></span> <span class='ocrx_word' id='word_1_134' title='bbox 944 1367 985 1403; x_wconf 84' lang='lat' dir='ltr'>et</span> <span class='ocrx_word' id='word_1_135' title='bbox 1018 1361 1111 1402; x_wconf 88' lang='lat' dir='ltr'>sim.</span> <span class='ocrx_word' id='word_1_136' title='bbox 1147 1358 1375 1401; x_wconf 86' lang='lat' dir='ltr'>admodum</span> <span class='ocrx_word' id='word_1_137' title='bbox 1417 1359 1575 1400; x_wconf 81' lang='lat' dir='ltr'>usitata</span> <span class='ocrx_word' id='word_1_138' title='bbox 1617 1364 1733 1401; x_wconf 89' lang='lat' dir='ltr'>suut.</span> 
     </span>
     <span class='ocr_line' id='line_1_18' title="bbox 156 1428 1733 1484; baseline -0.002 -11"><span class='ocrx_word' id='word_1_139' title='bbox 156 1432 305 1474; x_wconf 89' lang='lat' dir='ltr'>Dativo</span> <span class='ocrx_word' id='word_1_140' title='bbox 337 1432 379 1474; x_wconf 89' lang='lat' dir='ltr'>in</span> <span class='ocrx_word' id='word_1_141' title='bbox 416 1432 569 1474; x_wconf 78' lang='lat' dir='ltr'>talibus</span> <span class='ocrx_word' id='word_1_142' title='bbox 614 1445 736 1474; x_wconf 87' lang='lat' dir='ltr'>nemo</span> <span class='ocrx_word' id='word_1_143' title='bbox 771 1433 921 1473; x_wconf 82' lang='lat' dir='ltr'>utitur.</span> <span class='ocrx_word' id='word_1_144' title='bbox 987 1429 1241 1484; x_wconf 75' lang='grc' dir='ltr'><em>Διεφθορότα</em></span> <span class='ocrx_word' id='word_1_145' title='bbox 1282 1428 1393 1484; x_wconf 84' lang='lat' dir='ltr'>apud</span> <span class='ocrx_word' id='word_1_146' title='bbox 1427 1428 1733 1470; x_wconf 83' lang='lat' dir='ltr'>Philostratum</span> 
     </span>
     <span class='ocr_line' id='line_1_19' title="bbox 155 1498 1732 1557; baseline -0.001 -14"><span class='ocrx_word' id='word_1_147' title='bbox 155 1514 377 1557; x_wconf 79' lang='lat' dir='ltr'>perperam</span> <span class='ocrx_word' id='word_1_148' title='bbox 417 1515 491 1557; x_wconf 91' lang='lat' dir='ltr'>pro</span> <span class='ocrx_word' id='word_1_149' title='bbox 529 1501 805 1554; x_wconf 71' lang='grc' dir='ltr'><em>διεφθαρμένα</em></span> <span class='ocrx_word' id='word_1_150' title='bbox 845 1501 941 1557; x_wconf 89' lang='lat' dir='ltr'>poni</span> <span class='ocrx_word' id='word_1_151' title='bbox 975 1499 1110 1542; x_wconf 88' lang='lat' dir='ltr'>solere</span> <span class='ocrx_word' id='word_1_152' title='bbox 1155 1498 1419 1541; x_wconf 81' lang='lat' dir='ltr'>ostendimus</span> <span class='ocrx_word' id='word_1_153' title='bbox 1459 1499 1501 1540; x_wconf 89' lang='lat' dir='ltr'>in</span> <span class='ocrx_word' id='word_1_154' title='bbox 1547 1498 1732 1541; x_wconf 84' lang='lat' dir='ltr'>Mnemo-</span> 
     </span>
     <span class='ocr_line' id='line_1_20' title="bbox 156 1570 742 1628; baseline 0.002 -16"><span class='ocrx_word' id='word_1_155' title='bbox 156 1584 262 1628; x_wconf 84' lang='lat' dir='ltr'>syne</span> <span class='ocrx_word' id='word_1_156' title='bbox 296 1570 386 1612; x_wconf 84' lang='lat' dir='ltr'>Vol.</span> <span class='ocrx_word' id='word_1_157' title='bbox 425 1571 532 1613; x_wconf 82' lang='lat' dir='ltr'><strong>VIII.</strong></span> <span class='ocrx_word' id='word_1_158' title='bbox 567 1585 608 1627; x_wconf 87' lang='lat' dir='ltr'>p.</span> <span class='ocrx_word' id='word_1_159' title='bbox 644 1575 742 1613; x_wconf 83' lang='lat'><strong>164.</strong></span> 
     </span>
    </p>

    <p class='ocr_par' dir='ltr' id='par_1_6' title="bbox 155 1638 1732 1903">
     <span class='ocr_line' id='line_1_21' title="bbox 218 1638 1732 1696; baseline -0.001 -14"><span class='ocrx_word' id='word_1_160' title='bbox 218 1640 420 1696; x_wconf 76' lang='lat' dir='ltr'>Superest</span> <span class='ocrx_word' id='word_1_161' title='bbox 455 1641 653 1682; x_wconf 86' lang='lat' dir='ltr'>mendum</span> <span class='ocrx_word' id='word_1_162' title='bbox 688 1655 727 1696; x_wconf 89' lang='lat' dir='ltr'>p.</span> <span class='ocrx_word' id='word_1_163' title='bbox 760 1644 844 1688; x_wconf 87' lang='lat'>70,</span> <span class='ocrx_word' id='word_1_164' title='bbox 883 1643 962 1681; x_wconf 80' lang='lat'>13:</span> <span class='ocrx_word' id='word_1_165' title='bbox 997 1642 1137 1680; x_wconf 79' lang='grc' dir='ltr'><em>ταῦτα</em></span> <span class='ocrx_word' id='word_1_166' title='bbox 1169 1638 1330 1690; x_wconf 71' lang='grc' dir='ltr'><em>εἰρήσθω</em></span> <span class='ocrx_word' id='word_1_167' title='bbox 1371 1638 1480 1680; x_wconf 70' lang='grc' dir='ltr'><em>νυνὶ</em></span> <span class='ocrx_word' id='word_1_168' title='bbox 1514 1638 1602 1690; x_wconf 76' lang='grc' dir='ltr'><em>περὶ</em></span> <span class='ocrx_word' id='word_1_169' title='bbox 1636 1638 1732 1690; x_wconf 75' lang='grc' dir='ltr'><em>κρα-</em></span> 
     </span>
     <span class='ocr_line' id='line_1_22' title="bbox 155 1707 1732 1764; baseline -0.002 -12"><span class='ocrx_word' id='word_1_170' title='bbox 155 1727 254 1757; x_wconf 76' lang='grc' dir='ltr'><em>σεως</em></span> <span class='ocrx_word' id='word_1_171' title='bbox 287 1711 331 1752; x_wconf 79' lang='grc' dir='ltr'>ἐκ</span> <span class='ocrx_word' id='word_1_172' title='bbox 370 1716 442 1759; x_wconf 71' lang='grc' dir='ltr'>τῆς</span> <span class='ocrx_word' id='word_1_173' title='bbox 475 1713 540 1751; x_wconf 75' lang='grc' dir='ltr'>νῦν</span> <span class='ocrx_word' id='word_1_174' title='bbox 574 1716 862 1761; x_wconf 70' lang='grc' dir='ltr'><em>γυμναςικῆςῑ</em></span> <span class='ocrx_word' id='word_1_175' title='bbox 897 1710 938 1750; x_wconf 86' lang='lat' dir='ltr'>in</span> <span class='ocrx_word' id='word_1_176' title='bbox 982 1707 1046 1749; x_wconf 83' lang='lat' dir='ltr'>liis</span> <span class='ocrx_word' id='word_1_177' title='bbox 1079 1709 1162 1750; x_wconf 82' lang='grc' dir='ltr'><em>νυνί</em></span> <span class='ocrx_word' id='word_1_178' title='bbox 1191 1713 1255 1750; x_wconf 78' lang='lat' dir='ltr'>est</span> <span class='ocrx_word' id='word_1_179' title='bbox 1287 1707 1437 1764; x_wconf 79' lang='lat' dir='ltr'>Mynae</span> <span class='ocrx_word' id='word_1_180' title='bbox 1470 1708 1732 1749; x_wconf 80' lang='lat' dir='ltr'>correctiun-</span> 
     </span>
     <span class='ocr_line' id='line_1_23' title="bbox 156 1777 1731 1836; baseline -0.001 -14"><span class='ocrx_word' id='word_1_181' title='bbox 156 1780 279 1829; x_wconf 81' lang='lat' dir='ltr'>cuia,</span> <span class='ocrx_word' id='word_1_182' title='bbox 325 1793 456 1835; x_wconf 81' lang='lat' dir='ltr'>quum</span> <span class='ocrx_word' id='word_1_183' title='bbox 505 1780 623 1836; x_wconf 88' lang='lat' dir='ltr'>prius</span> <span class='ocrx_word' id='word_1_184' title='bbox 663 1780 737 1831; x_wconf 74' lang='grc' dir='ltr'><em>μέν</em></span> <span class='ocrx_word' id='word_1_185' title='bbox 782 1778 979 1822; x_wconf 82' lang='lat' dir='ltr'>dedisset.</span> <span class='ocrx_word' id='word_1_186' title='bbox 1043 1777 1241 1832; x_wconf 73' lang='lat' dir='ltr'>Cori-ige:</span> <span class='ocrx_word' id='word_1_187' title='bbox 1284 1779 1408 1819; x_wconf 81' lang='grc' dir='ltr'><em>ταῦτ’</em></span> <span class='ocrx_word' id='word_1_188' title='bbox 1442 1779 1601 1830; x_wconf 74' lang='grc' dir='ltr'><em>εἰρήσθω</em></span> <span class='ocrx_word' id='word_1_189' title='bbox 1644 1794 1731 1830; x_wconf 74' lang='grc' dir='ltr'>μοι</span> 
     </span>
     <span class='ocr_line' id='line_1_24' title="bbox 155 1850 473 1903; baseline -0.003 -11"><span class='ocrx_word' id='word_1_190' title='bbox 155 1850 243 1903; x_wconf 75' lang='grc' dir='ltr'><em>περὶ</em></span> <span class='ocrx_word' id='word_1_191' title='bbox 278 1850 473 1902; x_wconf 67' lang='grc' dir='ltr'><em>κράσεως.</em></span> 
     </span>
    </p>

    <p class='ocr_par' dir='ltr' id='par_1_7' title="bbox 155 1916 1733 2389">
     <span class='ocr_line' id='line_1_25' title="bbox 218 1916 1732 1975; baseline -0.003 -13"><span class='ocrx_word' id='word_1_192' title='bbox 218 1919 391 1962; x_wconf 84' lang='lat' dir='ltr'>Offeudo</span> <span class='ocrx_word' id='word_1_193' title='bbox 425 1933 517 1975; x_wconf 82' lang='lat' dir='ltr'>pag.</span> <span class='ocrx_word' id='word_1_194' title='bbox 550 1922 631 1968; x_wconf 69' lang='lat'>72,</span> <span class='ocrx_word' id='word_1_195' title='bbox 670 1923 743 1961; x_wconf 76' lang='lat'>15:</span> <span class='ocrx_word' id='word_1_196' title='bbox 788 1916 871 1961; x_wconf 71' lang='grc' dir='ltr'><em>ὅθεν</em></span> <span class='ocrx_word' id='word_1_197' title='bbox 904 1917 1038 1960; x_wconf 73' lang='grc' dir='ltr'><em>ἄνοσοί</em></span> <span class='ocrx_word' id='word_1_198' title='bbox 1064 1934 1109 1960; x_wconf 90' lang='grc' dir='ltr'>τε</span> <span class='ocrx_word' id='word_1_199' title='bbox 1143 1919 1331 1968; x_wconf 74' lang='grc' dir='ltr'><em>ἤσκουν</em></span> <span class='ocrx_word' id='word_1_200' title='bbox 1374 1917 1442 1959; x_wconf 79' lang='grc' dir='ltr'>καὶ</span> <span class='ocrx_word' id='word_1_201' title='bbox 1474 1917 1548 1971; x_wconf 75' lang='grc' dir='ltr'>ὀψὲ</span> <span class='ocrx_word' id='word_1_202' title='bbox 1581 1917 1732 1970; x_wconf 74' lang='grc' dir='ltr'><em>ἐγήρα-</em></span> 
     </span>
     <span class='ocr_line' id='line_1_26' title="bbox 156 1986 1731 2044; baseline -0.001 -12"><span class='ocrx_word' id='word_1_203' title='bbox 156 2006 279 2039; x_wconf 85' lang='grc' dir='ltr'><em>σκον,</em></span> <span class='ocrx_word' id='word_1_204' title='bbox 328 1989 369 2030; x_wconf 87' lang='lat' dir='ltr'>in</span> <span class='ocrx_word' id='word_1_205' title='bbox 412 1988 537 2031; x_wconf 82' lang='lat' dir='ltr'>verbo</span> <span class='ocrx_word' id='word_1_206' title='bbox 580 1989 736 2038; x_wconf 72' lang='grc' dir='ltr'><em>ἤσκουν.</em></span> <span class='ocrx_word' id='word_1_207' title='bbox 812 1989 997 2044; x_wconf 89' lang='lat' dir='ltr'>Requiro</span> <span class='ocrx_word' id='word_1_208' title='bbox 1038 1987 1226 2029; x_wconf 73' lang='lat' dir='ltr'>vivebant</span> <span class='ocrx_word' id='word_1_209' title='bbox 1266 1992 1339 2028; x_wconf 91' lang='lat' dir='ltr'>aut</span> <span class='ocrx_word' id='word_1_210' title='bbox 1382 1986 1542 2042; x_wconf 86' lang='lat' dir='ltr'>aliquid</span> <span class='ocrx_word' id='word_1_211' title='bbox 1586 1987 1731 2030; x_wconf 87' lang='lat' dir='ltr'>huius-</span> 
     </span>
     <span class='ocr_line' id='line_1_27' title="bbox 158 2057 1733 2114; baseline 0 -14"><span class='ocrx_word' id='word_1_212' title='bbox 158 2058 286 2100; x_wconf 89' lang='lat' dir='ltr'>modi.</span> <span class='ocrx_word' id='word_1_213' title='bbox 364 2058 477 2101; x_wconf 81' lang='lat' dir='ltr'>Fieri</span> <span class='ocrx_word' id='word_1_214' title='bbox 521 2064 658 2114; x_wconf 88' lang='lat' dir='ltr'>potest</span> <span class='ocrx_word' id='word_1_215' title='bbox 693 2064 737 2100; x_wconf 87' lang='lat' dir='ltr'>ut</span> <span class='ocrx_word' id='word_1_216' title='bbox 782 2057 912 2100; x_wconf 72' lang='grc' dir='ltr'><em>ἄνοσοι</em></span> <span class='ocrx_word' id='word_1_217' title='bbox 958 2057 1131 2109; x_wconf 74' lang='grc' dir='ltr'><em>διεβιόυν</em></span> <span class='ocrx_word' id='word_1_218' title='bbox 1167 2062 1240 2099; x_wconf 85' lang='lat' dir='ltr'>aut</span> <span class='ocrx_word' id='word_1_219' title='bbox 1286 2057 1485 2099; x_wconf 75' lang='grc' dir='ltr'><em>διετέλουν</em></span> <span class='ocrx_word' id='word_1_220' title='bbox 1536 2057 1733 2114; x_wconf 86' lang='lat' dir='ltr'>Sophista</span> 
     </span>
     <span class='ocr_line' id='line_1_28' title="bbox 157 2126 1732 2184; baseline 0 -16"><span class='ocrx_word' id='word_1_221' title='bbox 157 2128 391 2184; x_wconf 80' lang='lat' dir='ltr'>scripserit.</span> <span class='ocrx_word' id='word_1_222' title='bbox 452 2130 621 2176; x_wconf 75' lang='grc' dir='ltr'><em>’Άνοσος</em></span> <span class='ocrx_word' id='word_1_223' title='bbox 655 2129 766 2170; x_wconf 90' lang='lat' dir='ltr'>euim</span> <span class='ocrx_word' id='word_1_224' title='bbox 809 2127 1047 2184; x_wconf 84' lang='lat' dir='ltr'>appellatur</span> <span class='ocrx_word' id='word_1_225' title='bbox 1094 2140 1174 2168; x_wconf 85' lang='lat' dir='ltr'>non</span> <span class='ocrx_word' id='word_1_226' title='bbox 1211 2128 1228 2167; x_wconf 78' lang='grc' dir='ltr'><em>ὁ</em></span> <span class='ocrx_word' id='word_1_227' title='bbox 1262 2126 1501 2179; x_wconf 80' lang='grc' dir='ltr'><em>ἐρρωμένος,</em></span> <span class='ocrx_word' id='word_1_228' title='bbox 1535 2127 1552 2168; x_wconf 79' lang='grc' dir='ltr'>ὅ</span> <span class='ocrx_word' id='word_1_229' title='bbox 1585 2128 1642 2177; x_wconf 67' lang='grc' dir='ltr'>μὴ</span> <span class='ocrx_word' id='word_1_230' title='bbox 1676 2143 1732 2169; x_wconf 89' lang='grc' dir='ltr'>νο-</span> 
     </span>
     <span class='ocr_line' id='line_1_29' title="bbox 157 2196 1733 2252; baseline 0 -13"><span class='ocrx_word' id='word_1_231' title='bbox 157 2203 261 2246; x_wconf 73' lang='grc' dir='ltr'><em>σῶν,</em></span> <span class='ocrx_word' id='word_1_232' title='bbox 310 2198 383 2240; x_wconf 84' lang='lat' dir='ltr'>sed</span> <span class='ocrx_word' id='word_1_233' title='bbox 423 2199 440 2240; x_wconf 79' lang='grc' dir='ltr'>ὁ</span> <span class='ocrx_word' id='word_1_234' title='bbox 483 2199 550 2241; x_wconf 75' lang='grc' dir='ltr'><em>δια</em></span> <span class='ocrx_word' id='word_1_235' title='bbox 594 2198 734 2245; x_wconf 78' lang='grc' dir='ltr'><em>τέλους</em></span> <span class='ocrx_word' id='word_1_236' title='bbox 778 2197 1018 2250; x_wconf 80' lang='grc' dir='ltr'><em>ἐρρωμένος,</em></span> <span class='ocrx_word' id='word_1_237' title='bbox 1066 2197 1083 2239; x_wconf 79' lang='grc' dir='ltr'><em>ὃ</em></span> <span class='ocrx_word' id='word_1_238' title='bbox 1124 2197 1330 2248; x_wconf 65' lang='grc' dir='ltr'><em>μηδέποτε</em></span> <span class='ocrx_word' id='word_1_239' title='bbox 1377 2201 1510 2238; x_wconf 80' lang='grc' dir='ltr'><em>νοσῶν.</em></span> <span class='ocrx_word' id='word_1_240' title='bbox 1585 2196 1733 2252; x_wconf 82' lang='lat' dir='ltr'>Itaque</span> 
     </span>
     <span class='ocr_line' id='line_1_30' title="bbox 155 2266 1733 2323; baseline -0.001 -13"><span class='ocrx_word' id='word_1_241' title='bbox 155 2267 296 2316; x_wconf 75' lang='grc' dir='ltr'><em>ἄνοσος</em></span> <span class='ocrx_word' id='word_1_242' title='bbox 333 2269 469 2320; x_wconf 76' lang='grc' dir='ltr'><em>διεβίω</em></span> <span class='ocrx_word' id='word_1_243' title='bbox 514 2269 597 2309; x_wconf 82' lang='lat' dir='ltr'>dici</span> <span class='ocrx_word' id='word_1_244' title='bbox 630 2273 767 2323; x_wconf 78' lang='lat' dir='ltr'>potest</span> <span class='ocrx_word' id='word_1_245' title='bbox 811 2267 852 2309; x_wconf 89' lang='lat' dir='ltr'>id</span> <span class='ocrx_word' id='word_1_246' title='bbox 891 2272 954 2309; x_wconf 84' lang='lat' dir='ltr'>est</span> <span class='ocrx_word' id='word_1_247' title='bbox 985 2267 1174 2309; x_wconf 76' lang='grc' dir='ltr'><em>οὐδέποτε</em></span> <span class='ocrx_word' id='word_1_248' title='bbox 1208 2267 1245 2307; x_wconf 81' lang='grc' dir='ltr'><em>ἐν</em></span> <span class='ocrx_word' id='word_1_249' title='bbox 1278 2266 1403 2309; x_wconf 73' lang='grc' dir='ltr'><em>παντὶ</em></span> <span class='ocrx_word' id='word_1_250' title='bbox 1442 2267 1497 2320; x_wconf 78' lang='grc' dir='ltr'>τῷ</span> <span class='ocrx_word' id='word_1_251' title='bbox 1530 2267 1608 2320; x_wconf 80' lang='grc' dir='ltr'>βίῳ</span> <span class='ocrx_word' id='word_1_252' title='bbox 1653 2266 1733 2309; x_wconf 84' lang='grc' dir='ltr'><em>ἐνό-</em></span> 
     </span>
     <span class='ocr_line' id='line_1_31' title="bbox 157 2336 1126 2389; baseline -0.003 -9"><span class='ocrx_word' id='word_1_253' title='bbox 157 2355 286 2389; x_wconf 67' lang='grc' dir='ltr'><em>σησε,</em></span> <span class='ocrx_word' id='word_1_254' title='bbox 321 2338 392 2380; x_wconf 89' lang='lat' dir='ltr'>sed</span> <span class='ocrx_word' id='word_1_255' title='bbox 426 2338 564 2385; x_wconf 72' lang='grc' dir='ltr'><em>ἄνοσος</em></span> <span class='ocrx_word' id='word_1_256' title='bbox 598 2339 749 2388; x_wconf 69' lang='grc' dir='ltr'><em>ἤσκησε</em></span> <span class='ocrx_word' id='word_1_257' title='bbox 784 2336 1013 2379; x_wconf 75' lang='lat' dir='ltr'>ridiculum</span> <span class='ocrx_word' id='word_1_258' title='bbox 1050 2340 1126 2378; x_wconf 81' lang='lat' dir='ltr'>est.</span> 
     </span>
    </p>

    <p class='ocr_par' dir='ltr' id='par_1_8' title="bbox 155 2405 1734 2730">
     <span class='ocr_line' id='line_1_32' title="bbox 217 2405 1733 2463; baseline -0.002 -12"><span class='ocrx_word' id='word_1_259' title='bbox 217 2409 394 2451; x_wconf 82' lang='lat' dir='ltr'>Frustra</span> <span class='ocrx_word' id='word_1_260' title='bbox 431 2409 622 2463; x_wconf 87' lang='lat' dir='ltr'>quaesivi</span> <span class='ocrx_word' id='word_1_261' title='bbox 655 2407 756 2463; x_wconf 85' lang='lat' dir='ltr'>quid</span> <span class='ocrx_word' id='word_1_262' title='bbox 794 2408 849 2449; x_wconf 84' lang='lat' dir='ltr'>sit</span> <span class='ocrx_word' id='word_1_263' title='bbox 881 2405 1171 2462; x_wconf 86' lang='lat' dir='ltr'>reponendum</span> <span class='ocrx_word' id='word_1_264' title='bbox 1204 2419 1244 2461; x_wconf 90' lang='lat' dir='ltr'>p.</span> <span class='ocrx_word' id='word_1_265' title='bbox 1276 2409 1358 2455; x_wconf 85' lang='lat'>74,</span> <span class='ocrx_word' id='word_1_266' title='bbox 1390 2410 1456 2448; x_wconf 89' lang='lat'>17.</span> <span class='ocrx_word' id='word_1_267' title='bbox 1506 2420 1581 2462; x_wconf 89' lang='lat' dir='ltr'>pro</span> <span class='ocrx_word' id='word_1_268' title='bbox 1609 2405 1733 2457; x_wconf 67' lang='grc' dir='ltr'><em>ἄγου-</em></span> 
     </span>
     <span class='ocr_line' id='line_1_33' title="bbox 157 2475 1733 2532; baseline -0.002 -12"><span class='ocrx_word' id='word_1_269' title='bbox 157 2496 212 2521; x_wconf 85' lang='grc' dir='ltr'><em>σα</em></span> <span class='ocrx_word' id='word_1_270' title='bbox 242 2479 283 2520; x_wconf 87' lang='lat' dir='ltr'>in</span> <span class='ocrx_word' id='word_1_271' title='bbox 317 2478 457 2520; x_wconf 76' lang='lat' dir='ltr'>verbis</span> <span class='ocrx_word' id='word_1_272' title='bbox 488 2478 543 2520; x_wconf 75' lang='grc' dir='ltr'>τα</span> <span class='ocrx_word' id='word_1_273' title='bbox 586 2479 744 2531; x_wconf 75' lang='grc' dir='ltr'><em>χοίρειοι</em></span> <span class='ocrx_word' id='word_1_274' title='bbox 791 2482 867 2520; x_wconf 75' lang='grc' dir='ltr'><em>τῶν</em></span> <span class='ocrx_word' id='word_1_275' title='bbox 915 2481 1032 2529; x_wconf 79' lang='grc' dir='ltr'><em>κρεῶν</em></span> <span class='ocrx_word' id='word_1_276' title='bbox 1074 2475 1301 2527; x_wconf 68' lang='grc' dir='ltr'><em>ἄγουσα.</em></span> <span class='ocrx_word' id='word_1_277' title='bbox 1366 2475 1607 2532; x_wconf 81' lang='lat' dir='ltr'>Interpres:</span> <span class='ocrx_word' id='word_1_278' title='bbox 1658 2491 1733 2518; x_wconf 82' lang='lat' dir='ltr'>»en</span> 
     </span>
     <span class='ocr_line' id='line_1_34' title="bbox 155 2545 1733 2604; baseline -0.001 -14"><span class='ocrx_word' id='word_1_279' title='bbox 155 2551 391 2604; x_wconf 64' lang='lat' dir='ltr'>presentant</span> <span class='ocrx_word' id='word_1_280' title='bbox 422 2548 537 2590; x_wconf 89' lang='lat' dir='ltr'>aussi</span> <span class='ocrx_word' id='word_1_281' title='bbox 578 2547 628 2590; x_wconf 88' lang='lat' dir='ltr'>de</span> <span class='ocrx_word' id='word_1_282' title='bbox 662 2548 699 2590; x_wconf 87' lang='lat' dir='ltr'>la</span> <span class='ocrx_word' id='word_1_283' title='bbox 733 2547 853 2590; x_wconf 90' lang='lat' dir='ltr'>chair</span> <span class='ocrx_word' id='word_1_284' title='bbox 885 2547 935 2589; x_wconf 92' lang='lat' dir='ltr'>de</span> <span class='ocrx_word' id='word_1_285' title='bbox 976 2546 1182 2589; x_wconf 86' lang='lat' dir='ltr'>cochon.&#39;&#39;</span> <span class='ocrx_word' id='word_1_286' title='bbox 1227 2545 1305 2587; x_wconf 87' lang='lat' dir='ltr'>hoc</span> <span class='ocrx_word' id='word_1_287' title='bbox 1348 2545 1488 2600; x_wconf 89' lang='lat' dir='ltr'>ipsum</span> <span class='ocrx_word' id='word_1_288' title='bbox 1522 2548 1733 2589; x_wconf 80' lang='lat' dir='ltr'>sententia</span> 
     </span>
     <span class='ocr_line' id='line_1_35' title="bbox 159 2614 1734 2674; baseline -0.001 -14"><span class='ocrx_word' id='word_1_289' title='bbox 159 2619 361 2674; x_wconf 82' lang='lat' dir='ltr'>requirit,</span> <span class='ocrx_word' id='word_1_290' title='bbox 400 2618 472 2661; x_wconf 85' lang='lat' dir='ltr'>sed</span> <span class='ocrx_word' id='word_1_291' title='bbox 510 2632 645 2674; x_wconf 87' lang='lat' dir='ltr'>neque</span> <span class='ocrx_word' id='word_1_292' title='bbox 677 2619 873 2672; x_wconf 75' lang='grc' dir='ltr'><em>ὀρέγουσα</em></span> <span class='ocrx_word' id='word_1_293' title='bbox 905 2617 1027 2673; x_wconf 81' lang='lat' dir='ltr'>piane</span> <span class='ocrx_word' id='word_1_294' title='bbox 1072 2615 1177 2658; x_wconf 88' lang='lat' dir='ltr'>mihi</span> <span class='ocrx_word' id='word_1_295' title='bbox 1211 2614 1420 2658; x_wconf 81' lang='lat' dir='ltr'>satisfacit</span> <span class='ocrx_word' id='word_1_296' title='bbox 1458 2630 1535 2659; x_wconf 84' lang='lat' dir='ltr'>nec</span> <span class='ocrx_word' id='word_1_297' title='bbox 1570 2617 1734 2673; x_wconf 88' lang='lat' dir='ltr'>reperio</span> 
     </span>
     <span class='ocr_line' id='line_1_36' title="bbox 158 2687 326 2730; baseline -0.006 0"><span class='ocrx_word' id='word_1_298' title='bbox 158 2687 326 2730; x_wconf 89' lang='lat' dir='ltr'>melius.</span> 
     </span>
    </p>

    <p class='ocr_par' dir='ltr' id='par_1_9' title="bbox 158 2755 1735 2950">
     <span class='ocr_line' id='line_1_37' title="bbox 219 2755 1732 2814; baseline -0.001 -14"><span class='ocrx_word' id='word_1_299' title='bbox 219 2757 339 2811; x_wconf 85' lang='lat' dir='ltr'>Quod</span> <span class='ocrx_word' id='word_1_300' title='bbox 382 2757 530 2801; x_wconf 76' lang='lat' dir='ltr'>scribit</span> <span class='ocrx_word' id='word_1_301' title='bbox 570 2758 853 2802; x_wconf 82' lang='lat' dir='ltr'>Philostratus</span> <span class='ocrx_word' id='word_1_302' title='bbox 896 2772 935 2814; x_wconf 86' lang='lat' dir='ltr'>p.</span> <span class='ocrx_word' id='word_1_303' title='bbox 969 2760 1048 2809; x_wconf 87' lang='lat'><strong>76,</strong></span> <span class='ocrx_word' id='word_1_304' title='bbox 1083 2760 1163 2799; x_wconf 70' lang='lat'>12:</span> <span class='ocrx_word' id='word_1_305' title='bbox 1216 2756 1391 2809; x_wconf 77' lang='grc' dir='ltr'><em>ςέφανον</em></span> <span class='ocrx_word' id='word_1_306' title='bbox 1421 2755 1680 2804; x_wconf 74' lang='grc' dir='ltr'><em>’Λπόλλωνος</em></span> <span class='ocrx_word' id='word_1_307' title='bbox 1711 2757 1732 2806; x_wconf 75' lang='grc' dir='ltr'><em>ἢ</em></span> 
     </span>
     <span class='ocr_line' id='line_1_38' title="bbox 158 2827 1735 2881; baseline -0.003 -10"><span class='ocrx_word' id='word_1_308' title='bbox 158 2829 397 2876; x_wconf 80' lang='grc' dir='ltr'><em>Ποσειδῶνος</em></span> <span class='ocrx_word' id='word_1_309' title='bbox 430 2855 489 2860; x_wconf 84' lang='grc'><strong>-</strong></span> <span class='ocrx_word' id='word_1_310' title='bbox 520 2827 636 2872; x_wconf 71' lang='grc' dir='ltr'><em>ἄδεια</em></span> <span class='ocrx_word' id='word_1_311' title='bbox 679 2830 754 2881; x_wconf 75' lang='grc' dir='ltr'><em>μὲν</em></span> <span class='ocrx_word' id='word_1_312' title='bbox 803 2829 1089 2877; x_wconf 68' lang='grc' dir='ltr'><em>ἀποδίδοσθαι,</em></span> <span class='ocrx_word' id='word_1_313' title='bbox 1137 2827 1257 2869; x_wconf 71' lang='grc' dir='ltr'><em>ἄδεια</em></span> <span class='ocrx_word' id='word_1_314' title='bbox 1301 2827 1342 2869; x_wconf 78' lang='grc' dir='ltr'>δὲ</span> <span class='ocrx_word' id='word_1_315' title='bbox 1387 2828 1582 2869; x_wconf 82' lang='grc' dir='ltr'><em>ὠνεῖσθαι.</em></span> <span class='ocrx_word' id='word_1_316' title='bbox 1627 2828 1735 2875; x_wconf 67' lang='grc' dir='ltr'><em>πλὴν</em></span> 
     </span>
     <span class='ocr_line' id='line_1_39' title="bbox 159 2895 1733 2950; baseline -0.001 -10"><span class='ocrx_word' id='word_1_317' title='bbox 159 2898 235 2940; x_wconf 70' lang='grc' dir='ltr'><em>ὅσα</em></span> <span class='ocrx_word' id='word_1_318' title='bbox 265 2899 439 2944; x_wconf 65' lang='grc' dir='ltr'><em>Ἠλείοις</em></span> <span class='ocrx_word' id='word_1_319' title='bbox 469 2901 486 2940; x_wconf 77' lang='grc' dir='ltr'><em>ὁ</em></span> <span class='ocrx_word' id='word_1_320' title='bbox 518 2898 668 2947; x_wconf 80' lang='grc' dir='ltr'><em>κότινος</em></span> <span class='ocrx_word' id='word_1_321' title='bbox 703 2898 853 2946; x_wconf 73' lang='grc' dir='ltr'><em>ἄσυλος</em></span> <span class='ocrx_word' id='word_1_322' title='bbox 886 2899 997 2950; x_wconf 84' lang='grc' dir='ltr'><em>μένει</em></span> <span class='ocrx_word' id='word_1_323' title='bbox 1042 2898 1108 2941; x_wconf 73' lang='grc' dir='ltr'><em>δια</em></span> <span class='ocrx_word' id='word_1_324' title='bbox 1141 2899 1214 2946; x_wconf 64' lang='grc' dir='ltr'><em>τὴν</em></span> <span class='ocrx_word' id='word_1_325' title='bbox 1258 2897 1447 2939; x_wconf 75' lang='grc' dir='ltr'><em>παλαιαν</em></span> <span class='ocrx_word' id='word_1_326' title='bbox 1480 2895 1624 2946; x_wconf 74' lang='grc' dir='ltr'><em>δόξαν,</em></span> <span class='ocrx_word' id='word_1_327' title='bbox 1660 2902 1733 2939; x_wconf 82' lang='lat' dir='ltr'>aut</span> 
     </span>
    </p>
   </div>
  </div>
 </body>
</html>
