2366 3540
1416 265 1441 307 8

629 379 731 423 hum
777 378 926 423 eximit
973 376 1118 421 eadem
1163 390 1289 434 opera
1332 377 1483 419 adimit
1528 375 1618 418 loco
1662 375 1798 418 lucem
1846 389 2028 434 eumque
2076 377 2199 435 plane

628 454 840 492 excaecat.
904 446 1013 489 Audi
1062 459 1176 488 nunc
1219 447 1525 501 interpretem:
1571 445 1652 487 »Le
1693 444 1835 500 pugile
1869 446 2104 496 Tisandre,
2147 446 2199 488 de

628 517 793 567 Naxos,
840 516 913 571 qui
957 514 1136 556 habitait
1179 515 1276 571 pres
1318 514 1419 557 d’un
1460 514 1747 571 promontoire
1787 513 1837 556 de
1869 521 1981 558 cette
2026 515 2107 565 ile,
2157 529 2200 557 se

625 586 819 641 penclzm't
849 587 1070 641 sorlement
1099 597 1147 625 en
1175 590 1297 626 avant
1328 598 1400 626 sur
1432 584 1473 626 la
1505 598 1613 634 mer,
1646 582 1849 626 e'tendant
1880 583 1940 625 les
1972 583 2092 633 braS,
2125 582 2198 639 q'ui

628 655 680 697 de
726 659 837 697 cette
886 654 1105 703 mamere,
1151 654 1431 706 s’exercaient
1481 653 1743 695 eux-memes
1786 657 1828 694 et
1876 652 2116 704 exercaient
2161 651 2200 694 le

627 724 800 780 corps.’'
834 737 942 779 quae
974 723 1112 779 capiat
1146 723 1217 779 qui
1261 736 1411 779 capere
1445 727 1597 778 potest.

689 793 949 843 Pausanias,
995 793 1069 848 qui
1099 792 1402 834 Philostratum
1437 797 1478 835 et
1515 791 1753 833 eruditione
1790 796 1831 833 et
1869 790 2027 833 iudicio
2066 795 2108 832 et
2137 789 2201 831 di-

629 863 806 918 ligentia
842 863 988 904 multis
1019 861 1271 916 parasangis
1310 867 1509 916 superat,
1560 860 1780 915 Sophislae
1825 873 2012 902 errorem
2058 859 2200 901 redar-

629 933 718 986 guit
740 965 752 982 ,
800 931 874 987 qui
907 929 1108 972 athletam
1153 929 1268 971 Naxo
1315 931 1447 972 veteri
1481 929 1652 972 Siciliae
1691 928 1840 984 oppido
1873 927 2101 970 oriundum
2134 941 2201 971 ve-

631 1000 708 1042 luti
739 1000 782 1042 in
816 999 1022 1042 coloniam
1065 999 1107 1040 in
1141 998 1296 1054 Aegaei
1329 999 1460 1040 maris
1507 998 1690 1039 insulam
1734 998 2028 1052 cognominem
2075 997 2202 1040 dedu-

628 1071 704 1112 xit.
782 1069 1016 1111 Pausaniae
1052 1067 1171 1110 locus
1210 1073 1275 1110 est
1317 1068 1359 1109 in
1408 1067 1517 1109 libro
1549 1067 1619 1109 Vl.
1666 1079 1755 1122 cap.
1794 1070 1862 1108 15.
1913 1068 2012 1121 §Sz
2060 1065 2202 1116 Νάξου

628 1141 669 1181 δὲ
709 1139 944 1186 οἰκισθείσης
987 1136 1084 1179 ποτὲ
1127 1137 1167 1178 ἐν
1208 1138 1381 1192 Σικελία
1426 1137 1502 1179 ὑπὸ
1539 1136 1772 1179 Χαλκιδέων
1809 1141 1881 1184 τῆς
1927 1135 2082 1183 πόλεως
2128 1136 2203 1186 μὲν

627 1209 715 1251 οὐδὲ
745 1208 901 1260 ἐρείπια
945 1207 1130 1249 ἐλείπετο
1164 1207 1203 1254 ἐς
1247 1209 1357 1257 ἡμᾶς
1393 1206 1480 1256 ἔτι,
1527 1206 1651 1257 ὄνομα
1693 1206 1734 1247 δὲ
1775 1204 1843 1246 καὶ
1885 1205 1924 1251 ἐς
1964 1205 2010 1247 τὸ
2054 1204 2202 1247 ἔπειτα

627 1276 729 1320 εἶναι
762 1284 835 1327 τῆς
874 1276 1024 1333 ,Νάξου
1067 1276 1288 1328 Τίσανδρος
1322 1276 1339 1317 ὃ
1380 1276 1617 1328 Κλεοκρίτου
1659 1274 1825 1326 μαλιςα
1874 1275 2012 1316 αἰτίαν
2054 1274 2202 1327 ἐχέτω.

627 1346 832 1400 Τετρακις
876 1347 959 1399 γαρ
1000 1347 1045 1394 δὴ
1089 1347 1129 1387 ἐν
1162 1344 1328 1397 ἀνδράσι
1367 1344 1696 1397 κατεμαχέσατο
1731 1344 1748 1384 ὂ
1781 1343 2001 1395 Τίσανδρος
2039 1344 2203 1390 πύκτας

628 1420 668 1459 ἐν
695 1416 943 1470 Ὀλυμπία,
976 1418 1176 1457 τοσαῦται
1209 1415 1250 1455 δὲ
1284 1413 1352 1456 καὶ
1382 1415 1509 1456 Πυθοῖ
1545 1413 1767 1463 γεγόνασιν
1800 1412 1910 1463 αὐτῷ
1946 1416 2066 1453 νῖκαι.
2131 1412 2203 1453 Ca-

628 1485 812 1529 vendum
863 1485 996 1539 igitur
1039 1489 1102 1525 est
1150 1496 1202 1524 ne
1239 1482 1353 1524 Naxo
1397 1489 1438 1525 et
1481 1480 1828 1524 Chalcidensibus
1874 1479 1983 1522 hanc
2034 1480 2203 1524 laudem

626 1556 913 1598 Philostratus
952 1554 1118 1610 eripiat.
1186 1552 1266 1595 Sed
1310 1552 1412 1594 haec
1458 1551 1620 1594 obiter:
1667 1556 1836 1592 transeo
1883 1549 1935 1592 ad
1974 1549 2103 1592 alium
2149 1550 2206 1592 lo-

628 1640 740 1669 cum.

687 1695 843 1738 Notum
878 1699 942 1736 est
974 1693 1131 1736 Graece
1171 1693 1326 1749 passim
1361 1691 1444 1735 dici
1487 1691 1619 1734 solere
1650 1690 1872 1741 Ὀλύμπια
1906 1693 2047 1739 νικᾶν,
2080 1693 2206 1731 notus

629 1770 692 1808 cst
738 1764 961 1805 Ennianus
1013 1761 1162 1805 »sortis
1214 1775 1349 1817 equus
1392 1762 1526 1817 spatio
1574 1762 1646 1817 qui
1690 1773 1812 1816 saepe
1864 1772 2062 1815 supremo
2111 1759 2206 1800 vicit

635 1834 873 1891 Olympia.''
938 1833 1011 1875 Sat
1043 1845 1166 1888 saepe
1197 1831 1341 1874 eodem
1388 1844 1515 1874 sensu
1559 1830 1719 1872 dicitur
1758 1832 1871 1871 νικᾶν
1911 1830 1949 1870 ἐν
1984 1828 2206 1883 Ὀλυμπία

629 1910 703 1946 aut
743 1903 1063 1954 Ὀλυμπίασιν,
1116 1903 1196 1943 nisi
1241 1901 1350 1956 quod
1398 1901 1563 1942 scribae
1611 1898 1838 1950 ὄλυμπιοέσι
1889 1897 1990 1940 dare
2037 1897 2203 1946 solent,

629 1973 741 2030 quod
774 1972 896 2014 nihili
935 1978 1011 2014 cst.
1077 1971 1121 2013 Si
1155 1970 1258 2026 quid
1295 1983 1400 2012 novo
1436 1969 1683 2011 Philostrati
1728 1968 1868 2010 Codici
1914 1967 1976 2009 vel
2020 1966 2206 2008 Editori-

629 2044 709 2085 hus
747 2041 998 2090 credemus,
1047 2041 1174 2082 etiam
1218 2041 1274 2087 εἷς
1317 2039 1540 2090 Ὀλύμπια
1572 2041 1684 2081 νικοῖν
1719 2043 1759 2080 et
1793 2040 1906 2079 νικᾶν
1937 2035 2205 2089 Ὀλυμπίαζε

631 2113 788 2155 Graece
821 2110 905 2153 dici
949 2123 1070 2166 posse
1098 2109 1428 2152 existimandum
1464 2109 1562 2152 erit.
1626 2108 1802 2163 Legitur
1836 2106 1947 2148 enim
1983 2119 2023 2161 p.
2057 2108 2139 2148 92:
2172 2107 2206 2148 οἱ

631 2183 670 2225 δὲ
703 2180 982 2234 ἀσπαζόμενοι
1013 2179 1090 2227 τας
1124 2178 1326 2231 τετράδας
1359 2179 1402 2221 τί
1426 2179 1649 2231 χρήσονται
1681 2179 1829 2223 αὐταῖς
1856 2176 1901 2223 ἐς
1937 2175 2207 2227 Ὀλύμπια

630 2256 915 2299 νικῶντεςς
962 2254 1004 2291 et
1046 2261 1140 2304 pag.
1171 2252 1254 2290 54:
1302 2250 1371 2290 οὐκ
1415 2246 1591 2297 ἀπαξιοῖ
1619 2247 1661 2289 τί
1693 2262 1766 2296 σε,
1811 2244 1916 2298 ἔφη,
1948 2249 2026 2286 τῶν
2059 2245 2206 2294 ἑαυτῆς

631 2321 825 2364 παιδικῶν
858 2323 1089 2361 νικῶντα
1125 2316 1482 2369 Ὀλυμπίαζε.
1550 2315 1658 2363 Sed,
1695 2314 1806 2370 quod
1840 2328 1938 2356 cum
1969 2313 2075 2356 hona
2106 2327 2208 2370 pace

631 2391 832 2434 Codicum
866 2389 1058 2431 omnium
1091 2392 1133 2429 et
1163 2386 1386 2428 Editorum
1425 2386 1587 2427 (lictum
1628 2389 1745 2433 esto,
1801 2389 2031 2439 utrumque
2060 2383 2208 2426 absur-

632 2462 735 2504 ‹lum
768 2465 860 2509 est,
893 2459 1002 2501 etin
1037 2471 1081 2500 re
1110 2457 1391 2512 grammatica
1427 2455 1597 2511 quidem
1627 2459 1669 2496 et
1705 2453 1854 2495 critica
1898 2452 1938 2494 id
1972 2453 2081 2508 quod
2116 2453 2207 2496 fieri

632 2543 714 2573 non
749 2534 887 2585 potest
915 2541 994 2569 non
1028 2533 1091 2569 est
1122 2539 1227 2581 opus
1256 2525 1429 2567 credere
1459 2523 1618 2567 sactum
1652 2536 1742 2565 esse
1778 2535 2006 2577 umquam,
2041 2523 2208 2565 etiamsi

631 2598 822 2641 sexcenti
869 2602 999 2639 testes
1041 2596 1190 2651 scripti
1225 2599 1300 2636 aut
1342 2593 1444 2636 editi
1489 2595 1545 2635 ita
1588 2605 1679 2635 esse
1716 2591 1920 2634 delerent.
1997 2591 2051 2633 Et
2091 2593 2209 2648 prior

634 2668 805 2725 quidem
841 2666 962 2709 testis
1003 2665 1117 2708 nullo
1157 2665 1326 2720 negotio
1355 2663 1516 2706 destrui
1558 2667 1694 2719 potest
1736 2666 1778 2704 et
1810 2658 2061 2703 manifestae
2095 2661 2208 2704 frau-

634 2739 700 2781 dis
733 2737 868 2792 argui.
933 2735 1093 2791 Nempe
1121 2737 1234 2777 νικᾶν
1267 2735 1323 2781 εἷς
1356 2733 1576 2784 Ὀλύμπια
1610 2731 1661 2774 ah
1696 2744 1743 2773 6ο
1776 2730 1980 2772 dicuntur
2021 2744 2101 2772 non
2136 2731 2209 2786 qui

634 2809 816 2850 vicerunt
844 2804 916 2848 sed
953 2805 1026 2860 qui
1054 2804 1194 2846 volunt
1229 2805 1417 2853 vincere,
1451 2803 1487 2845 si
1522 2801 1623 2844 fides
1662 2800 1912 2855 Interpreti:
1965 2800 2102 2842 »Ceux
2135 2800 2209 2854 qni

635 2875 889 2919 s’attachent
925 2888 1007 2918 aux
1050 2873 1264 2924 tetrades,
1306 2873 1433 2929 qu’en
1468 2870 1677 2914 seront-ils
1720 2870 1809 2912 s’ils
1845 2869 2006 2911 veulent
2046 2868 2210 2910 rainere

635 2948 658 2988 iz
693 2946 964 3002 Olympie?'’
1027 2944 1103 2987 Est
1136 2943 1324 2999 aliquid,
1357 2943 1527 2999 opinor,
1563 2942 1673 2984 inter
1707 2939 1918 2982 victoriam
1946 2943 1986 2981 ct
2022 2938 2211 2980 vincendi
