2366 3540
988 299 1039 337 23

218 409 269 451 ab
301 421 554 465 unoquoque
584 410 657 465 qui
697 410 772 453 lioc
818 416 914 467 agat
956 409 1078 454 facile
1113 409 1335 453 tollendus.
1401 409 1516 462 Quae
1549 415 1789 466 sequuntur

218 484 304 521 lam
340 478 519 534 pessime
553 479 805 535 interpolata
838 485 938 522 sunt
972 486 1018 522 ut
1047 480 1161 523 nulla
1195 481 1249 521 sit
1291 478 1542 523 emendandi
1574 492 1667 535 spes
1706 479 1789 520 nisi

216 560 266 590 ex
306 547 568 603 autographo
610 548 773 591 Codice.
846 548 957 591 Satis
1004 555 1067 591 est
1113 548 1256 591 oculos
1295 550 1505 592 coniicore
1549 550 1590 591 in
1632 548 1788 592 discre-

216 620 365 672 pantes
398 617 663 672 scripturas,
697 631 805 674 quae
834 623 874 661 et
903 631 953 660 ex
982 617 1225 674 apographo
1256 619 1396 661 variae
1430 619 1713 670 exhibentur,
1746 624 1789 661 et

217 698 239 727 a
272 685 398 744 Myna
428 686 542 728 velut
572 699 620 728 ex
661 686 812 729 Codice
846 687 1002 729 iterum
1035 686 1227 728 diversae
1255 686 1523 737 afferuntur,
1557 692 1602 728 ut
1630 687 1788 729 sentias

218 753 319 797 liaeo
366 755 508 796 omnia
550 754 759 797 Minoidea
802 768 898 798 esse
946 760 988 797 et
1031 768 1207 811 prorsus
1245 757 1420 805 ἀνιάτως
1455 756 1580 809 ἔχειν.
1646 756 1786 798 Unum

216 827 382 864 tantum
417 824 642 878 attingam.
709 824 881 867 Dixerat
918 825 1228 868 Philostratus:
1262 827 1320 877 μη
1351 827 1396 868 τὸ
1425 825 1650 879 γυμνάζειν
1682 826 1787 876 ἡγώ-

212 893 320 943 μεθοο
349 890 516 934 {mo-bxi
549 893 702 940 τούτοις
744 894 862 937 aim&
893 895 948 937 τὸ
985 895 1061 953 (sic
1094 895 1207 937 enim
1253 908 1327 950 pro
1359 894 1542 937 absurdo
1584 895 1656 938 κοιί
1685 896 1788 938 scri-

212 960 416 1018 bendum)
460 963 736 1005 οὲποδῦσοοι
777 965 844 1006 τὸν
877 964 1186 1017 γυμναζόμενον
1218 964 1287 1007 nx}
1322 966 1379 1011 εἷς
1412 965 1654 1015 δοκιμοοσιόιν
1702 981 1788 1007 κοι-

213 1038 447 1081 τοοςῆνοιι
481 1038 553 1081 τῆς
586 1033 748 1086 φύσεως
792 1033 912 1090 (llaec
953 1035 1095 1076 onmia
1136 1039 1249 1076 recte
1282 1033 1543 1089 procedunt.
1587 1034 1659 1076 sed
1689 1034 1787 1077 hae-

212 1101 322 1144 rebit
354 1115 463 1158 aqua
493 1102 535 1143 in
569 1102 620 1144 iis
655 1115 762 1157 quae
796 1103 1051 1160 sequuntur)
1085 1101 1163 1157 ὅπη
1189 1121 1237 1145 τε
1268 1104 1486 1154 σύγκειται
1520 1104 1588 1146 καὶ
1624 1104 1719 1157 πρὸς
1754 1102 1786 1146 ὅ.

213 1171 362 1228 Mynas
403 1172 491 1228 ipse
535 1171 753 1222 σύγκειται
788 1173 960 1222 omisit,
1007 1172 1117 1227 quod
1156 1173 1199 1214 in
1239 1172 1480 1228 apographo
1523 1172 1573 1214 de
1609 1185 1685 1214 suo
1725 1173 1787 1214 in-

211 1246 405 1283 seruerat
438 1241 488 1284 de
521 1240 632 1283 sutili
667 1241 942 1292 coniectura,
977 1246 1023 1283 ut
1055 1241 1186 1284 vides.
1254 1242 1504 1292 Συγκεῖσθοιι
1538 1241 1660 1297 plane
1689 1241 1785 1284 alie-

211 1324 315 1353 num
348 1315 425 1353 est.
490 1311 582 1353 Dici
615 1310 772 1353 Graece
805 1311 969 1366 potuit:
1003 1309 1110 1359 ὅπως
1141 1328 1186 1353 τε
1233 1311 1497 1364 κέκραται
1540 1311 1608 1353 καὶ
1642 1313 1736 1364 πρὸς
1769 1311 1792 1354 δ’

208 1397 248 1423 τι
281 1379 325 1424 εὖ
358 1380 570 1435 πέφυκεν,
604 1385 678 1422 aut
704 1379 818 1422 aliud
852 1380 955 1437 quid
988 1381 1030 1423 in
1062 1380 1240 1424 eandem
1274 1381 1544 1424 sententiam.
1610 1380 1788 1436 Reliqua

209 1463 378 1493 omnem
429 1449 695 1505 intelligendi
748 1455 875 1506 atque
919 1451 980 1493 sic
1029 1450 1283 1494 emendandi
1337 1455 1537 1493 conatum
1593 1450 1786 1493 eludunt.

210 1520 457 1564 Temeraria
488 1524 589 1561 sunt
623 1519 772 1576 Mynae
805 1519 1113 1575 supplementa.

388 1590 455 1632 τὸν
488 1590 617 1637 πηλὸν
650 1589 846 1645 quisquis
879 1588 983 1631 haec
1016 1589 1128 1645 leges
1160 1590 1313 1634 τουτονὶ
1346 1588 1552 1643 φύλαξαι.

208 1659 360 1703 Omnia
393 1664 492 1701 sunt
525 1657 716 1708 lubrica,
751 1671 961 1713 nusquam
996 1664 1061 1700 sat
1097 1665 1212 1701 certo
1242 1665 1284 1701 et
1317 1659 1459 1701 stabili
1500 1659 1677 1714 vestigio
1720 1660 1784 1701 in-

206 1730 300 1772 sisti
340 1733 500 1785 potest:
551 1728 694 1783 itaque
738 1728 851 1769 sicco
899 1727 1004 1783 pede
1048 1727 1118 1770 illa
1164 1734 1398 1784 praetereo,
1479 1728 1528 1770 In
1576 1728 1656 1769 fine
1704 1727 1785 1769 loci

206 1813 246 1855 p.
281 1801 350 1842 42.
385 1798 461 1840 hoc
496 1797 629 1840 solum
663 1796 842 1852 dispicio
877 1800 972 1839 κοιτ’
1006 1798 1238 1848 οένοιλογίοιν
1273 1797 1451 1840 rescribi
1484 1801 1676 1852 oportere
1710 1810 1784 1853 pro

206 1870 273 1912 κοιὶ
311 1868 541 1920 οἰνοιλογίοον
575 1872 616 1909 et
659 1865 774 1908 haud
807 1867 894 1908 scio
927 1879 981 1908 an
1024 1867 1068 1908 in
1101 1868 1268 1916 ποιητήν
1302 1867 1429 1910 lateat
1460 1867 1646 1917 πύκτην,
1677 1879 1785 1922 quae

205 1938 408 1981 vocabula
438 1943 479 1980 et
505 1936 605 1979 alibi
646 1937 760 1979 inter
798 1950 841 1979 se
871 1935 1046 1978 confusa
1086 1936 1390 1987 animadverti,
1425 1938 1483 1978 ita
1516 1942 1564 1978 ut
1594 1936 1784 1991 legatur:

205 2007 356 2051 κελεύω
405 2009 451 2057 δὴ
495 2008 621 2049 κατ’
655 2006 885 2058 ἅνοολοςγίοιν
932 2007 1007 2057 μὲν
1051 2006 1302 2060 ἐπεσκέφθαι
1344 2008 1412 2049 τὸν
1453 2006 1690 2056 πύκτην,
1739 2003 1783 2053 ἣν

203 2076 345 2127 εἷπον,
380 2079 453 2130 πρὸ
485 2078 525 2119 δὲ
561 2081 634 2125 τῆς
668 2075 899 2126 ινίνοιλογίοις
943 2075 1011 2117 καὶ
1049 2075 1104 2118 τοὶ
1137 2080 1213 2118 τῶν
1245 2080 1390 2128 χυμῶν
1423 2076 1510 2126 ἤθη.

280 2147 327 2189 In
372 2147 524 2189 vicinis
570 2146 611 2187 in
654 2158 825 2200 gravem
875 2157 1064 2187 errorem
1112 2145 1262 2187 Editor
1301 2158 1345 2188 se
1390 2145 1603 2201 implicuit
1647 2158 1780 2201 quum

203 2216 448 2259 exhiberet:
493 2215 843 2268 πορισάμενος
893 2215 976 2266 γοὶρ
1027 2214 1062 2271 (o‘
1103 2214 1354 2269 Λυκοῦργος)
1403 2222 1453 2268 τῇ
1500 2215 1779 2266 Λοοκεδοιίμονι

202 2287 447 2338 πολεμικοὺς
482 2284 692 2333 ἀθλητάς·
740 2284 1147 2337 γυμνοοζέσόιον,
1192 2284 1347 2338 φησίν,
1395 2286 1444 2326 cai
1493 2284 1646 2338 κόροιι
1695 2284 1779 2326 mc}

202 2356 440 2398 οΞνείσθων
475 2354 701 2408 δημοσίᾳ
743 2353 970 2407 τρέχειν.
1035 2353 1172 2396 Foeda
1204 2353 1421 2396 harbaries
1461 2359 1523 2396 est
1567 2353 1780 2407 πορισάμε-

202 2442 280 2474 νος.
346 2425 392 2467 In
428 2423 669 2480 apographo
697 2429 762 2466 est
796 2422 1100 2476 ποοριςοὲμενος,
1134 2422 1245 2478 quod
1275 2436 1425 2465 sanum
1459 2437 1541 2465 non
1572 2430 1647 2466 ost.
1696 2423 1779 2466 Sed

203 2508 340 2551 neque
372 2494 599 2547 πορίζεσθαι
644 2493 686 2534 in
718 2492 795 2535 tali
828 2506 873 2535 re
914 2492 1014 2535 ferri
1045 2497 1211 2549 potest,
1245 2497 1285 2534 et
1310 2493 1566 2547 πορισάμενος
1599 2493 1778 2536 barbara

201 2565 337 2608 forma
377 2569 463 2613 est,
499 2576 582 2619 qua
614 2561 707 2605 faex
741 2561 1045 2605 Graeculorum
1083 2562 1145 2604 uti
1192 2563 1359 2618 coepit,
1408 2563 1480 2606 sed
1527 2576 1648 2606 nemo
1685 2576 1778 2607 um-

202 2648 330 2691 quam
361 2634 566 2677 Veterum
606 2633 670 2675 uti
705 2633 859 2689 potuit.
926 2631 1140 2688 Quidquid
1176 2636 1240 2674 est
1278 2632 1504 2675 verborum
1540 2634 1581 2675 in
1614 2634 1699 2686 -ι’ζω
1735 2640 1778 2677 et

201 2704 356 2758 ·ι’ζομοιι
404 2703 680 2753 exeuntium,
726 2701 843 2744 nulla
889 2714 1091 2758 umquam
1137 2700 1217 2743 alia
1254 2700 1389 2744 futuri
1432 2701 1566 2745 forma
1610 2703 1654 2745 in
1694 2716 1777 2746 usu

202 2772 283 2816 fuit
324 2786 451 2829 quam
501 2773 544 2814 in
584 2777 643 2815 -ιῶ
678 2777 720 2814 et
766 2775 936 2823 -ιοῦμοιι,
1002 2771 1289 2827 Excipiuntur
1331 2771 1538 2830 disyllaba
1569 2773 1693 2815 κτίσω
1733 2778 1777 2816 et

200 2844 365 2897 σχίσω,
410 2847 456 2885 ut
489 2846 637 2885 notum
682 2846 759 2885 est.
836 2841 1015 2884 Formae
1063 2841 1170 2883 istae
1212 2840 1442 2891 barbarae,
1494 2843 1694 2898 quoniam
1730 2843 1776 2884 in

201 2913 378 2956 Graecia
406 2912 622 2967 decrepita
659 2925 708 2955 ac
745 2910 953 2955 delirante
996 2911 1176 2954 usitatae
1208 2909 1410 2960 fuerunt,
1461 2917 1525 2955 sat
1568 2925 1692 2969 saepe
1731 2912 1775 2954 in

202 2982 322 3026 libris
353 2987 615 3032 occurrunt,
655 2980 785 3026 veluti
822 2982 1080 3037 χοιρίσομοοι,
1116 2981 1356 3036 φηφίσομκι
1395 2982 1668 3040 similesque,
1703 2982 1775 3026 sed
