2366 3540
1419 277 1471 316 10

657 389 898 450 Olympie.’'
962 392 1097 445 Quam
1141 392 1282 447 inepte
1313 388 1438 432 hodie
1469 389 1511 431 in
1551 388 1624 431 tali
1657 402 1703 432 re
1735 390 1925 448 plertque
1968 392 2082 450 loqui
2119 394 2222 438 sole-

655 463 779 503 mus!
844 461 978 513 Quam
1007 460 1171 503 fatuum
1205 464 1294 509 est,
1328 471 1512 514 quaeso,
1553 471 1630 514 pas
1659 458 1826 514 indique
1863 461 1913 503 de
1944 462 2103 519 fiqzcrcr
2126 478 2222 519 par-

654 530 715 571 mi
746 544 809 572 ses
844 531 1116 571 adoraleurs!
1166 527 1244 571 Sed
1279 527 1438 570 assueti
1469 525 1535 569 his
1580 525 1740 568 dudum
1782 541 1931 571 sumus
1968 537 2008 572 et
2050 544 2221 574 consue-

654 597 758 639 tudo
793 599 874 639 iam
910 599 1036 641 vertit
1070 599 1110 640 in
1153 603 1368 640 naturam.
1433 595 1566 648 Quam
1598 594 1764 638 diversa
1804 596 1855 638 ab
1888 596 1965 639 hoc
1997 589 2223 642 verborum

655 666 815 708 tinnitu
859 665 1017 710 Graeca
1065 674 1130 710 est
1160 666 1436 722 simplicitas:
1482 663 1723 716 διαλέξομαι
1773 666 1870 718 ὑπὲρ
1917 671 1987 709 σοῦ
2034 670 2099 721 τῷ
2145 684 2223 719 γυ-

654 736 787 789 ναίῳ.
851 735 932 777 Sed
961 736 1128 792 adspice
1157 735 1262 778 mihi
1294 735 1454 778 Graeca
1482 734 1637 790 quibus
1676 734 1746 777 illa
1783 735 2038 791 respondere
2076 741 2225 792 putan-

654 810 740 846 tur.
810 804 920 847 Num
969 811 1015 847 tu
1056 805 1223 855 credis,
1258 805 1453 860 quisquis
1497 803 1599 846 haee
1634 803 1752 859 legis,
1789 804 1947 861 fiqurer
1982 806 2124 860 parmi
2162 820 2226 848 ses

654 874 893 915 adoraleurs
923 873 1081 917 Graece
1113 886 1263 916 sonare
1295 885 1417 928 posse
1447 870 1547 914 εἶναι
1579 877 1656 914 τῶν
1685 874 1833 922 ἑαυτῆς
1867 873 2093 916 παιδικῶνῖ
2143 874 2225 916 Pu-

655 948 776 984 tasne
803 941 917 983 illam
954 942 1150 985 habuisse
1178 947 1416 984 amatorum
1450 954 1646 996 qreqem,
1679 946 1721 983 et
1752 942 1984 984 l’romacho
2010 942 2224 998 polliceri,

654 1012 692 1055 si
725 1009 920 1068 Olympia
949 1012 1124 1062 vicerit,
1156 1011 1276 1053 illum
1313 1022 1480 1066 quoque
1509 1010 1552 1050 in
1585 1022 1633 1052 eo
1665 1022 1843 1052 numero
1873 1009 2100 1053 futurum?
2135 1011 2224 1054 Non

655 1085 748 1123 erat
779 1093 930 1137 operae
958 1081 1141 1136 pretium
1163 1114 1174 1129 ‚
1210 1085 1258 1123 ut
1290 1079 1461 1122 Homeri
1491 1077 1632 1120 verbis
1662 1083 1782 1128 utar,

835 1151 958 1204 τοιῇδ’
991 1151 1106 1204 ἀμφὶ
1141 1150 1303 1201 γυναικὶ
1337 1149 1465 1192 πολὺν
1495 1147 1636 1200 χρόνον
1669 1145 1811 1197 ἄλγεσι
1839 1147 2035 1201 πάσχειν.

656 1217 758 1270 sed,
789 1219 899 1275 quod
933 1221 1236 1275 gravissimum
1269 1224 1361 1270 est,
1406 1223 1525 1261 estne
1556 1216 1661 1259 haec
1694 1216 1853 1259 Graeca
1884 1218 2051 1260 oratio?
2114 1217 2225 1261 Num

654 1286 757 1331 εἶναι
789 1293 866 1331 τῶν
892 1290 1026 1343 φίλων
1065 1294 1129 1331 est
1170 1303 1256 1330 esse
1291 1288 1335 1329 in
1371 1288 1598 1330 amicorum
1640 1287 1848 1327 numero?
1911 1287 2021 1329 Num
2055 1289 2227 1331 παιδικά

655 1369 704 1400 eo
739 1370 867 1400 sensu
912 1359 1008 1414 poni
1044 1371 1164 1413 posse
1202 1362 1327 1413 putas
1369 1362 1444 1399 aut
1489 1367 1691 1410 umquam
1721 1367 1741 1396 a
1783 1368 1995 1411 quoquam
2039 1358 2225 1412 positum

655 1425 778 1468 esse?
845 1425 918 1468 Sat
954 1426 1076 1469 facile
1111 1432 1174 1469 est
1207 1427 1316 1470 scire
1350 1427 1392 1468 in
1432 1424 1777 1480 frequentissimo
1816 1425 2007 1467 omnium
2051 1425 2226 1468 Graeco-

654 1507 751 1536 rum
795 1507 876 1537 usu
920 1495 1022 1551 quid
1069 1495 1282 1550 significet
1319 1496 1376 1537 τὰ
1419 1492 1608 1537 παιδικά.
1679 1491 1984 1536 Eruditissima
2030 1495 2071 1536 in
2117 1494 2226 1537 hane

653 1576 745 1605 rem
791 1569 929 1607 exstat
974 1565 1140 1620 antiqui
1184 1564 1460 1607 Grammatici
1500 1563 1718 1605 annotatio
1760 1568 1954 1618 excerpta
1989 1576 2038 1605 cx
2084 1563 2226 1620 aliqua

652 1631 872 1680 Πλάτωνος
908 1633 1016 1682 λέξει
1057 1633 1167 1690 apud
1202 1633 1398 1676 Photium
1434 1647 1471 1675 v,
1504 1631 1698 1674 nasama.
1779 1633 1891 1674 ‘tecte
1922 1632 2015 1675 ille:
2060 1633 2126 1675 ἐπὶ
2163 1634 2226 1681 θη-

653 1705 768 1744 λειῶν
809 1703 877 1744 καὶ
921 1703 1086 1755 ἀρρένων
1133 1703 1390 1755 ἐρωμένων
1436 1702 1640 1744 πέττεται
1681 1700 1871 1752 ἦλέξις,
1919 1715 2002 1757 qua
2048 1716 2092 1745 re
2123 1702 2225 1758 quid

654 1771 797 1813 notius
832 1773 1084 1827 praesertim
1120 1773 1185 1814 ἐπὶ
1220 1777 1296 1814 τῶν
1328 1772 1494 1825 ἀρρένων
1531 1771 1764 1824 ἐρωμένωνΐ
1813 1771 1953 1813 Etiam
1985 1773 2140 1814 amicas
2168 1773 2226 1815 ita

653 1839 738 1881 dici
768 1853 816 1882 ex
853 1842 1040 1896 antiquis
1071 1841 1252 1882 Comicis
1296 1847 1494 1884 accurate
1539 1840 1854 1883 Grammaticus
1903 1840 2012 1883 idem
2055 1841 2224 1884 demon-

653 1909 819 1950 stravit.
884 1909 964 1951 Sed
997 1909 1285 1960 Promachus,
1319 1909 1473 1960 credo,
1508 1922 1587 1951 non
1623 1910 1812 1961 ἐρώμενος
1844 1923 1934 1952 esse
1962 1909 2124 1953 volebat
2152 1910 2225 1953 sed

651 1978 814 2030 ἐρωςής.
886 1979 1107 2020 Praeterea
1140 1980 1235 2034 quis
1269 1981 1359 2021 sinc
1392 1979 1482 2021 risu
1514 1977 1659 2020 audiat
1701 1978 1783 2020 dici
1818 1978 2113 2021 mulierculam
2149 1993 2226 2023 sua

651 2046 731 2088 sibi
775 2047 945 2089 παιδικά
991 2046 1175 2095 habere,
1214 2054 1256 2091 et
1288 2049 1328 2090 in
1373 2047 1438 2090 his
1476 2053 1549 2090 aut
1588 2060 1680 2090 esse
1724 2054 1798 2089 aut
1841 2047 1928 2090 sore
1963 2061 2092 2090 unum
2139 2062 2224 2091 om·

650 2116 770 2158 nium
816 2116 1073 2159 athletarum
1118 2117 1427 2160 validissimum
1472 2117 1935 2173 robustissimumque?
2002 2117 2081 2160 Sed
2123 2118 2224 2174 quid

650 2184 807 2241 plura?
854 2185 942 2227 Non
978 2192 1076 2228 sunt
1113 2185 1215 2229 llaec
1249 2186 1493 2229 Philostrati
1533 2185 1687 2237 verba,
1721 2186 1791 2229 sed
1822 2186 1984 2229 misella
2016 2187 2225 2231 Minoidae

651 2254 944 2310 supplementa
984 2255 1024 2296 in
1069 2255 1159 2298 loco
1191 2256 1329 2299 lacero
1370 2262 1444 2299 aut
1486 2255 1658 2298 madore
1695 2255 1758 2298 vel
1803 2255 2027 2311 putredine
2069 2270 2221 2305 exeso,

651 2323 722 2365 ubi
765 2337 895 2379 quum
937 2324 1159 2367 evanidam
1203 2326 1460 2381 scripturam
1509 2325 1705 2380 expedire
1748 2325 1863 2367 nullo
1912 2331 2034 2382 pacto
2083 2332 2224 2382 posset

650 2405 787 2447 neque
829 2406 878 2435 ex
911 2394 1176 2437 tenuissimis
1216 2396 1370 2437 veteris
1412 2394 1607 2437 lectionis
1650 2394 1816 2437 laciniis
1857 2395 2089 2451 quidquam
2130 2396 2223 2438 sani

650 2461 826 2513 elicere,
870 2461 922 2505 de
955 2477 1032 2505 suo
1070 2470 1337 2508 commentus
1376 2469 1437 2506 est
1474 2463 1634 2519 aliquid
1671 2469 1711 2506 et
1749 2478 1824 2506 sua
1860 2466 2087 2520 figmenta,
2131 2467 2222 2521 qui-

648 2529 728 2572 hus
773 2545 848 2573 nec
893 2538 1021 2588 caput
1063 2547 1140 2577 nec
1186 2548 1258 2590 pes
1296 2539 1490 2584 constat,
1538 2532 1658 2575 nobis
1703 2546 1833 2575 ausus
1875 2540 1938 2576 cst
1983 2547 2059 2590 pro
2101 2536 2222 2590 puris

648 2600 766 2655 putis
808 2600 1100 2645 Philostrateis
1142 2603 1374 2646 venditare.
1440 2603 1482 2645 Si
1527 2615 1573 2645 ea
1616 2601 1779 2645 fallacia
1823 2616 1919 2645 raro
1965 2608 2130 2645 tantum
2178 2610 2220 2647 et

647 2673 773 2712 caute
817 2683 921 2713 usus
967 2678 1103 2723 esset,
1152 2674 1186 2715 si
1231 2672 1356 2729 paulo
1396 2671 1548 2715 melius
1592 2672 1748 2715 Graece
1781 2672 2044 2728 loquentium
2092 2686 2218 2716 usum

646 2739 882 2791 tenuisset,
934 2746 1097 2796 poterat
1141 2741 1318 2785 sortasse
1352 2742 1468 2785 fraus
1517 2741 1673 2784 multos
1716 2754 1882 2797 semper
1927 2747 1969 2784 et
2011 2742 2219 2785 doctiores

646 2807 809 2851 diutius
842 2807 1002 2865 fugere.
1065 2811 1186 2853 Nunc
1218 2818 1367 2855 contra
1398 2816 1487 2854 est:
1522 2812 1678 2867 passim
1713 2811 1857 2854 eodem
1890 2811 2014 2854 modo
2052 2812 2216 2867 antiqui

644 2877 809 2920 Codicis
840 2878 1044 2936 reliquias
1077 2881 1347 2938 interpolavit
1378 2887 1419 2925 et
1456 2881 1496 2923 in
1538 2882 1738 2937 antiquae
1771 2881 2022 2924 Graecitatis
2053 2882 2216 2924 ratione

645 2951 680 2988 et
719 2960 798 2990 usu
844 2954 927 2992 tam
971 2950 1194 3006 plumbeus
1226 2958 1285 2995 est
1334 2957 1380 2995 ut
1424 2957 1603 3007 nequeat
1636 2952 1710 3005 τρί’
1750 2953 1876 2995 εἰπεῖν
1915 2952 2081 3003 ῥήματα
2126 2952 2215 3005 πρὶν
