2366 3540
993 283 1044 323 19

230 395 331 446 μηδὲ
370 402 420 448 τῇ
469 395 653 450 oio-omno
695 397 912 447 δηλώσας,
957 395 1028 438 scd
1070 402 1111 438 et
1145 396 1247 439 haec
1289 407 1415 438 sensu
1455 406 1587 436 vacua
1632 397 1802 435 suntet

229 464 316 506 illa.
383 464 522 506 Etiam
557 478 665 520 quae
693 470 932 521 sequuntur
958 464 1201 507 huiusmodi
1233 470 1333 508 sunt
1364 468 1408 506 ut
1441 476 1521 505 non
1551 462 1631 503 nisi
1665 463 1800 504 niten-

228 532 281 574 do
323 533 508 588 aliquam
544 536 799 577 sententiam
833 541 872 578 et
892 536 1027 590 ipsam
1056 535 1160 577 satis
1187 536 1371 591 ineptam
1404 531 1638 576 extundere
1655 545 1799 588 queas.

408 604 530 645 Ἀλλ’
563 605 698 646 οὑτοσί
728 620 794 655 μοι
827 604 1020 656 βόρβορος
1053 604 1249 657 φαίνεται
1282 606 1504 652 πατοῦντι,

227 672 364 714 sentio
398 685 465 714 nie
499 673 539 713 in
580 673 669 714 luto
710 673 918 714 lllinoideo
958 672 1160 721 haerere,
1212 672 1321 715 unde
1354 686 1397 714 se
1436 685 1559 713 nemo
1591 670 1800 726 expediat.

227 740 325 782 Post
376 754 510 795 pauca
558 741 659 784 hacc
712 741 941 796 leguntur:
989 743 1077 784 Οὐκ
1123 741 1280 794 (ἐφίημι
1321 743 1412 788 τοὺς
1460 742 1683 791 γυμναςας
1731 740 1799 781 καὶ

224 810 409 856 ἀθλητὰς
453 810 518 852 ἐπὶ
553 817 603 863 τῇ
638 811 835 865 διαφθορᾷ
872 810 1017 864 ταύτῃ.
1053 810 1214 863 πάρεισι
1256 811 1330 861 μὲν
1366 810 1449 861 γὰρ
1488 809 1600 859 μετα
1635 809 1801 862 χρημα-

224 894 301 919 των
335 878 399 920 ἐπὶ
442 880 487 921 τὸ
523 879 750 932 γυμνάζειν
789 880 857 922 καὶ
902 879 1149 933 δανείζοντες
1192 885 1274 927 τοῖς
1313 881 1515 927 οέθληταῖς
1559 878 1625 920 ἐπὶ
1671 879 1800 925 τόκοις

223 947 404 1000 μείζοσιν
433 949 454 997 ἢ
487 947 536 990 ὧν
564 948 726 1001 ἔμποροι
753 950 1090 997 θαλαττεύοντες.
1156 949 1203 991 Iu
1234 949 1299 991 his
1331 949 1399 990 καὶ
1437 949 1620 996 ἀθλητάς
1655 947 1800 990 absur-

223 1016 327 1058 dum
373 1023 447 1059 est.
515 1017 796 1060 Philostratus
833 1025 1056 1074 postquam
1089 1019 1347 1061 athletarum
1395 1017 1556 1072 flagitia
1603 1018 1800 1073 aperuit,

222 1091 472 1144 gymnasias
517 1101 683 1143 quoquc
728 1088 865 1130 eidem
916 1088 1064 1144 culpae
1109 1088 1256 1131 aflines
1300 1101 1391 1130 esse
1438 1087 1636 1129 ostendit.
1720 1086 1802 1128 Res

225 1156 448 1198 manifesta
490 1163 579 1199 est:
614 1158 755 1213 itaque
794 1158 1008 1214 Interpres
1040 1159 1100 1199 sie
1135 1157 1345 1199 reddidit:
1392 1156 1466 1198 »Je
1499 1155 1696 1197 n’absous
1724 1168 1802 1210 pas

220 1226 317 1281 plus
349 1226 408 1267 les
452 1233 692 1281 qymnasles
736 1241 813 1282 que
855 1227 914 1268 les
957 1227 1156 1276 athletos,
1204 1239 1312 1282 pour
1357 1239 1438 1267 une
1484 1224 1580 1266 telle
1627 1237 1799 1279 corrup-

223 1296 310 1336 tion
330 1296 371 1345 ,''
406 1308 512 1350 quae
549 1296 749 1346 Graecis,
785 1301 831 1338 ut
862 1296 1002 1346 vides,
1037 1310 1117 1337 non
1160 1294 1430 1351 respondent.
1495 1293 1799 1349 Reponendum

222 1376 316 1406 esse
349 1364 560 1407 arbitror:
612 1367 701 1407 Οὐκ
739 1366 895 1419 ἀφίημι
934 1366 973 1408 δὲ
1016 1366 1128 1408 οὐδὲ
1169 1366 1261 1412 τοὺς
1291 1364 1514 1416 *γυμναςοὶς
1546 1363 1612 1405 ἐπὶ
1637 1370 1687 1417 τῇ
1716 1363 1798 1405 δια-

221 1435 350 1488 φθορᾷ
377 1435 521 1486 ταύτῃ.
571 1434 730 1477 Deinde
762 1448 783 1477 e
810 1434 962 1477 Codice
995 1436 1236 1477 Monacensi
1271 1434 1400 1492 (unde
1425 1432 1676 1489 prodierunt
1710 1445 1799 1475 ver-

225 1503 274 1544 ba
306 1503 466 1556 ποέρειοι
495 1504 570 1554 μὲν
599 1504 681 1556 γαρ
714 1530 772 1534 ——-
806 1503 969 1557 ἔμποροι
1008 1503 1349 1560 θαλαττεύοντες)
1385 1502 1676 1558 recipiendum
1709 1507 1801 1544 erat

221 1573 535 1625 δανείζουσι
576 1579 659 1620 τοῖς
693 1575 895 1622 ἀθληταῖς
930 1587 1005 1630 pro
1045 1574 1306 1626 δανείζοντες.
1370 1573 1432 1615 Ex
1463 1572 1627 1614 ultimis
1661 1570 1800 1613 verbis

223 1642 329 1684 nihil
363 1642 472 1697 quod
513 1655 664 1684 sanum
709 1643 763 1683 sit
810 1643 893 1685 ullo
941 1643 1063 1684 modo
1099 1643 1301 1685 extricari
1348 1647 1510 1698 potest:
1555 1641 1799 1693 δανείζουσιν

221 1711 287 1754 ἐπὶ
335 1712 463 1759 τόκοις
508 1710 686 1763 μείζοσιν
731 1713 752 1761 ἢ
788 1710 837 1753 ὧν
881 1711 1044 1764 ἔμποροι
1093 1711 1431 1757 θαλαττεύοντες.
1497 1710 1606 1762 Quid
1650 1710 1800 1752 debeat

219 1780 360 1823 dicere
394 1785 587 1836 apertum
621 1785 700 1822 est.
768 1781 826 1822 De
859 1781 1112 1836 gravissimo
1148 1780 1316 1823 foenore
1351 1780 1522 1822 nautico
1568 1784 1664 1820 nota
1698 1784 1800 1821 sunt

220 1851 377 1893 onmia.
442 1851 572 1892 Recte
605 1850 847 1906 Interpres:
899 1850 977 1892 »ils
1010 1851 1181 1906 pretent
1223 1863 1306 1892 aux
1351 1849 1530 1891 athletes
1564 1848 1587 1890 a
1621 1848 1694 1891 des
1737 1849 1799 1890 in-

224 1921 355 1962 te'rets
387 1919 481 1975 plus
516 1918 620 1961 forts
664 1934 741 1975 que
774 1920 867 1962 n’en
893 1928 1049 1976 payent
1077 1921 1136 1963 les
1169 1919 1425 1962 marchands
1458 1919 1531 1974 qui
1561 1924 1799 1960 traversent

220 1990 258 2032 la
290 1991 425 2032 mer.’'
491 1989 571 2031 Sed
607 1989 712 2030 nihil
748 1989 899 2032 horum
930 1996 993 2032 est
1036 1991 1076 2031 in
1121 1990 1308 2032 Graecis
1374 1987 1697 2029 Emendandum
1733 1994 1798 2030 est

219 2060 397 2112 μείζοσιν
431 2057 481 2101 ὧν
517 2072 590 2114 pro
622 2059 800 2111 μείζοσιν
835 2061 856 2109 ἢ
892 2057 941 2101 ὧν
975 2065 1015 2101 et
1050 2058 1332 2115 supplendum
1365 2062 1428 2100 est
1477 2057 1652 2099 verbum
1685 2057 1799 2113 quod

222 2128 412 2186 (usuras)
458 2128 621 2170 solvunt
663 2128 922 2182 significant.
999 2130 1237 2171 Atticorum
1284 2132 1348 2169 est
1389 2126 1528 2174 τόκους
1572 2126 1708 2180 φέρειν
1752 2128 1797 2169 in

220 2212 269 2241 ea
301 2213 345 2241 re
374 2198 542 2240 dicere:
577 2199 733 2240 caeteri
767 2204 808 2240 et
838 2198 918 2240 alia
952 2197 1101 2240 dicunt
1133 2203 1173 2240 et
1207 2197 1345 2244 τόκους
1378 2201 1540 2246 τελεῖν,
1574 2196 1687 2252 quod
1725 2196 1796 2238 So-

221 2268 385 2324 phistae
422 2267 708 2310 reddiderim:
755 2268 821 2309 ἐπὶ
867 2267 996 2315 τόκοις
1037 2267 1289 2320 μείζοσιν
1325 2264 1383 2308 ὧν
1423 2269 1680 2308 τελοῦσιν
1724 2267 1794 2318 ἔμ-

219 2354 327 2391 ποροι
361 2338 698 2385 θαλαττεύοντες.

280 2407 481 2464 Elapsum
516 2408 678 2449 scribae
717 2407 873 2448 veteris
906 2410 979 2448 aut
1020 2406 1172 2463 Mynae
1210 2404 1401 2447 socordia
1443 2404 1618 2447 verbum
1652 2404 1794 2447 admo-

220 2482 290 2519 net
333 2490 400 2519 me
442 2476 521 2519 loci
567 2477 637 2518 ubi
682 2476 792 2519 idem
825 2490 944 2519 error
982 2476 1212 2518 iocularem
1248 2477 1290 2517 in
1335 2474 1505 2517 modum
1550 2475 1794 2517 obscuravit

219 2552 261 2589 et
290 2546 473 2602 perdidit
506 2547 664 2588 omnia.
730 2547 906 2601 Legitur
939 2560 980 2601 p.
1007 2549 1088 2588 96:
1132 2545 1199 2588 καὶ
1242 2545 1383 2587 πάντα
1427 2545 1443 2586 o‘
1483 2545 1661 2592 ἀθλητὴς
1694 2547 1793 2587 ὑπο·

219 2617 359 2658 κείσθω
393 2620 476 2662 τοῦ,
513 2617 772 2670 παγκρατίου
805 2617 860 2658 τοὶ
898 2617 991 2668 ὀρθοὶ
1031 2616 1128 2664 εἴδη.
1173 2615 1299 2668 θέρους
1348 2615 1388 2657 δὲ
1431 2616 1465 2657 οἱ
1505 2615 1581 2666 μὲν
1614 2616 1791 2666 οέμαθεῖς

218 2687 320 2728 αὐτὸ
351 2686 600 2739 πράττοντες
634 2688 673 2728 ἐν
711 2685 868 2728 ἅπαντι
902 2687 957 2738 τῷ
992 2686 1087 2739 ἡλίῳ
1121 2684 1189 2727 καὶ
1235 2683 1398 2732 πάντας
1419 2699 1427 2708 ·
1461 2686 1494 2727 οἱ
1528 2685 1568 2726 δὲ
1601 2683 1672 2734 ξὺν
1706 2685 1791 2727 ἐπι-

217 2756 328 2810 ςήμιῃ
359 2756 427 2798 καὶ
459 2756 570 2809 λόγῳ
598 2757 690 2798 οὔτε
724 2756 787 2798 οέεὶ
823 2755 891 2797 καὶ
924 2755 1080 2802 ὁπόσοις
1115 2755 1228 2807 λῷον.
1295 2753 1406 2796 Haec
1436 2753 1586 2796 Editor
1616 2755 1674 2796 ita
1708 2753 1790 2795 dis-

218 2826 354 2868 secuit
397 2831 442 2867 ut
486 2828 508 2880 §
546 2830 616 2869 58.
665 2826 884 2868 inchoaret
918 2838 941 2867 a
974 2825 1138 2867 verbis:
1185 2823 1365 2877 Θέρους
1404 2824 1444 2866 δὲ
1485 2825 1519 2866 οἱ
1562 2824 1638 2875 μὲν
1678 2825 1791 2874 οὲμα-

217 2896 296 2942 θεῖς
321 2896 421 2938 αὐτὸ
452 2895 702 2949 πράττοντες
735 2897 820 2938 κτὲ.
885 2895 1153 2950 Quicumque
1185 2899 1327 2936 autem
1369 2892 1483 2934 hunc
1521 2892 1662 2935 locum
1699 2892 1791 2935 dili-

216 2970 367 3019 genter
406 2965 676 3022 perpenderit
710 2965 828 3009 sac-ile
861 2965 1088 3022 perspiciet
1122 2977 1196 3021 pro
1238 2963 1364 3017 θέρους
1410 2962 1579 3004 verbum
1622 2961 1791 3019 aliquod

1434 3036 1450 3060 2
1471 3032 1490 3051 ¹?
