2366 3540
1382 275 1435 314 26

629 392 752 446 ἄριςικ
786 391 1106 441 παλαισάντων,
1149 392 1200 437 ὥς
1241 389 1309 431 τὰ
1352 389 1439 430 ὑπ’
1481 387 1625 439 αὐτῷ
1662 402 1725 438 γε
1768 388 2049 438 δηλοῦσιν’

987 465 1198 502 ΑΡΙΣΤΑ
1228 462 1711 500 ΑΓΩΝΙΣΑΜΕΝΟΣ.

690 529 799 582 Quid
832 527 1002 571 tandem
1037 527 1116 570 sibi
1143 527 1296 570 volunt
1327 525 1481 568 verba:
1520 527 1572 572 ὡς
1610 525 1666 567 τοὶ
1700 526 1768 567 ὑπ’
1799 528 1910 580 αὐτῷ
1958 543 2009 577 γε
2059 528 2198 576 δηλοῦ-

628 599 723 642 σινῖ
785 597 1024 653 Respondet
1070 598 1312 653 Interpres:
1370 607 1572 637 »comme
1620 594 1900 651 l'inscription
1949 582 2200 651 l’indique.”

628 669 717 711 Non
751 667 904 709 attinet
937 666 1127 710 indicare
1157 666 1263 708 nihil
1308 665 1430 722 plane
1475 663 1720 706 huiusmodi
1760 665 1802 705 in
1849 663 2021 706 Graecis
2061 664 2201 707 verbis

630 738 782 779 inesse.
847 735 893 778 Id
941 737 1082 792 ipsum
1123 743 1264 779 tamen
1305 749 1437 791 quum
1471 734 1663 789 requirat.
1707 733 1786 775 loci
1835 735 2073 785 sententia,
2105 748 2202 776 con-

629 807 823 863 sequitur
855 805 998 848 eadem
1035 806 1163 848 verba
1190 806 1337 861 reponi
1369 809 1585 860 oportere,
1629 802 1783 858 quibus
1816 804 2045 858 scriptores
2077 802 2202 846 Grae-

628 877 666 919 ci
704 876 745 917 in
780 889 828 918 ea
860 888 935 923 re,
971 875 1095 917 cuius
1127 873 1402 930 perfrequens
1438 873 1597 914 mentio
1628 877 1720 921 est,
1765 878 2010 914 constanter
2043 873 2105 914 uti
2137 886 2200 914 so-

628 945 756 987 leant.
820 944 1078 999 Expromam
1113 956 1247 999 pauca
1279 941 1470 997 exempla
1509 954 1559 983 ex
1593 941 1827 983 Pausaniae
1859 941 1966 983 libro
1999 942 2066 984 Vl.
2129 942 2202 985 Le-

629 1017 747 1070 gitur
770 1013 839 1055 VI.
857 1027 926 1055 v11.
946 1016 994 1056 9:
1028 1014 1074 1056 τὸ
1107 1014 1360 1065 ἐπίγραμμα
1393 1011 1438 1053 τὸ
1472 1011 1537 1053 ἐπ’
1569 1011 1680 1062 αὐτῷ
1705 1010 1852 1063 φησίν,
1885 1016 1926 1052 et
1953 1010 2022 1052 VI.
2042 1024 2132 1055 xm.
2153 1014 2201 1053 7:

627 1086 674 1128 τὸ
706 1083 959 1135 ἐπίγραμμα
991 1085 1037 1126 τὸ
1069 1084 1134 1126 ἐπ’
1162 1083 1273 1135 αὐτῷ
1305 1081 1473 1133 μηνύει,
1506 1085 1546 1122 et
1580 1079 1652 1123 VI.
1688 1092 1754 1122 xv.
1789 1082 1837 1122 2:
1869 1080 1915 1122 τὸ
1949 1080 2203 1132 ἐπίγραμμα

628 1154 674 1197 τὸ
704 1153 771 1195 ἐπ’
810 1154 921 1206 αὐτῷ
955 1153 1105 1207 φησίν,
1149 1159 1190 1195 et
1228 1152 1294 1194 VI.
1328 1165 1412 1193 XVI.
1448 1153 1496 1192 4:
1546 1150 1592 1192 τὸ
1631 1149 1884 1201 ἐπίγραμμα
1922 1150 1967 1191 τὸ
1997 1150 2062 1191 ἐπ’
2091 1151 2202 1202 αὐτῷ

629 1224 772 1272 δηλοῖ,
817 1227 858 1264 et
901 1223 1001 1264 alibi
1045 1223 1220 1279 passim.
1296 1220 1510 1264 Audacter
1554 1219 1687 1274 igitur
1731 1217 2078 1261 emendabimus:
2126 1223 2203 1261 τῶν

629 1291 752 1346 &pum
796 1291 1120 1342 παλαισάντων,
1162 1294 1212 1340 ὡς
1255 1292 1300 1334 τὸ
1344 1292 1428 1332 ἐπ’
1468 1290 1608 1342 αὐτῷ
1654 1289 1988 1341 ἐπίγραμμα
2034 1289 2204 1336 δηλοῖ.

631 1362 766 1415 Quam
801 1361 910 1403 male
941 1360 1133 1404 habitum
1179 1374 1269 1404 esse
1316 1365 1517 1417 putemus
1555 1358 1742 1408 librum,
1791 1357 1902 1400 unde
1942 1358 1985 1399 in
2027 1371 2073 1400 re
2115 1363 2202 1400 tarn

628 1432 857 1489 perspicua
890 1430 1141 1473 transscribi
1179 1431 1391 1486 potuerit:
1437 1430 1486 1476 ὡς
1519 1427 1575 1470 τὰ
1610 1427 1694 1469 ὑπ’
1737 1428 1873 1478 αὐτῷ
1916 1442 1978 1477 γε
2024 1427 2203 1476 δηλοῦ-

630 1517 735 1552 σιν,
783 1505 825 1543 et
869 1513 996 1556 quam
1029 1500 1229 1542 idoneum
1267 1497 1491 1541 Codieibus
1537 1496 1712 1539 Graecis
1750 1494 2039 1538 describendis
2080 1496 2204 1539 eden·

629 1571 779 1626 disque
812 1582 909 1612 eum
944 1569 1157 1611 bominem
1196 1582 1287 1612 esse
1320 1573 1506 1617 statuas,
1541 1566 1613 1621 qui
1642 1565 1753 1607 serio
1783 1564 1883 1608 dare
1915 1566 2101 1621 potuerit
2133 1567 2205 1608 ὑπ’

629 1641 740 1692 αὐτῷ
774 1652 849 1695 pro
881 1639 946 1680 ἐπ’
979 1639 1118 1691 αὐτῷ,
1152 1638 1262 1694 quod
1301 1639 1412 1681 ratio
1451 1642 1493 1679 et
1531 1649 1635 1677 usus
1676 1635 1866 1677 omnium
1911 1634 2068 1677 Graece
2098 1635 2203 1676 scri-

629 1708 822 1751 bentium
862 1707 1206 1763 praecipiebant,
1240 1714 1281 1750 et
1311 1705 1544 1749 mirificum
1578 1704 1681 1746 illud
1715 1720 1766 1755 γε
1786 1738 1797 1753 ,
1832 1709 1873 1746 et
1903 1705 1960 1746 τὰ
1991 1705 2060 1746 ὑπ’
2091 1705 2202 1757 αὐτῷ

629 1779 897 1827 δηλοῦσιν.
962 1777 1123 1818 Haereo
1165 1777 1205 1818 in
1242 1790 1333 1832 sqq.
1367 1775 1610 1827 Ἐτύγχοινε
1655 1775 1729 1825 μὲν
1763 1775 1802 1816 ἐν
1846 1773 2067 1828 Ὀλυμπίᾳ
2107 1789 2202 1815 νενι-

629 1848 787 1896 κηκὼς,
818 1846 932 1899 τρίτῃ
963 1846 1003 1888 δὲ
1043 1847 1118 1887 (ἐπ’
1152 1846 1302 1893 ἐκείνης
1335 1845 1465 1899 ἡμέρᾳ
1496 1844 1656 1886 πίνων
1687 1843 1779 1891 τὴν
1822 1844 2020 1885 ἑαυτοῦ
2069 1843 2202 1891 νίκην

629 1917 701 1960 καί
728 1931 844 1962 τινας
875 1919 952 1957 τῶν
998 1915 1208 1968 γνωρίμων
1251 1916 1363 1959 ἑςιῶν
1410 1914 1631 1967 ὀψοφαγίᾳ
1663 1913 1773 1961 ἀήθει
1805 1912 2063 1964 χρησάμενος
2096 1913 2202 1960 cin-27-

628 1986 750 2038 νέχθη
797 1988 867 2026 τοῦ
912 1982 1049 2026 ὕπνου.
1124 1984 1315 2026 Primum
1364 1997 1445 2025 non
1495 1995 1710 2037 concoquo
1765 1983 1884 2024 πίνων
1933 1983 2005 2030 τὴν
2056 1983 2201 2024 ἑαυτοῦ

628 2056 750 2103 νίκην.
830 2054 943 2095 Fieri
981 2053 1093 2095 enim
1144 2053 1259 2095 nullo
1303 2058 1424 2108 pacto
1469 2056 1605 2108 potest
1647 2056 1693 2093 ut
1733 2051 1859 2093 πίνειν
1903 2056 2084 2106 ponatur
2127 2064 2202 2107 pro

628 2123 749 2176 ἄγειν
792 2123 1034 2173 τάπινίκια,
1082 2123 1126 2165 id
1171 2122 1282 2178 quod
1316 2121 1433 2164 loeus
1468 2121 1663 2176 requirit.
1728 2121 1780 2162 Et
1815 2133 1881 2162 res
1925 2121 2016 2175 ipsa
2054 2126 2096 2162 et
2141 2119 2201 2162 di-

629 2193 751 2237 cendi
784 2206 918 2248 genus
952 2193 992 2233 in
1026 2192 1182 2235 talibus
1214 2192 1498 2248 plurimorum
1526 2190 1784 2233 testimoniis
1818 2195 1903 2231 tam
1938 2194 2084 2232 notum
2113 2203 2202 2232 cer-

628 2270 807 2319 tumque
834 2267 921 2311 est,
955 2267 1000 2303 ut
1020 2262 1216 2318 equidem
1246 2275 1328 2304 non
1362 2260 1551 2303 dubitem
1587 2260 1689 2316 quin
1714 2258 1785 2300 illa
1818 2258 1942 2300 lectio
1974 2265 2060 2301 tam
2089 2273 2200 2302 eom-

627 2333 828 2375 menticia
872 2332 928 2373 sit
971 2345 1099 2387 quam
1146 2331 1329 2374 absurda
1373 2336 1449 2373 est.
1526 2329 1730 2385 Sequitur
1769 2328 1850 2370 alia
1893 2327 2121 2371 difficultas
2156 2330 2200 2371 in

627 2403 768 2446 verbis
798 2402 1012 2454 ἀπηνέχθη
1049 2405 1120 2444 τοῦ
1155 2400 1291 2444 ὕπνου.
1358 2399 1496 2453 Quid,
1530 2412 1709 2455 quaem,
1743 2404 1805 2440 est
1834 2398 2094 2452 ἀποφέρομωι
2129 2402 2200 2441 τοῦ

628 2471 784 2516 ὕπνουῖ
849 2471 1065 2523 Quomodo
1096 2473 1269 2514 omnino
1302 2470 1386 2512 dici
1421 2475 1556 2526 potest
1596 2468 1860 2522 ἁποφέρομκί
1887 2467 2024 2515 τινοςῖ
2089 2467 2200 2520 Quid

626 2544 867 2597 Interpres:
919 2540 973 2582 »il
1020 2554 1072 2584 ne
1116 2547 1192 2598 put
1233 2540 1438 2583 dormir.''
1513 2539 1599 2581 Hoc
1649 2551 1748 2580 vero
1787 2543 1850 2580 est
1895 2538 2198 2593 interpretari!

625 2611 767 2654 Facile
813 2609 1001 2665 intelligo
1044 2611 1261 2654 nonnullis
1294 2610 1547 2652 Criticorum
1581 2606 1896 2650 emendationes
1934 2607 2102 2649 wn'nz'mc
2129 2621 2198 2649 ne·

626 2679 824 2724 cassarius
856 2692 947 2722 esse
977 2680 1125 2723 videri.
1191 2680 1354 2734 Quibus
1395 2692 1477 2722 non
1509 2682 1572 2721 est
1613 2677 1794 2720 firmiter
1826 2682 1868 2720 et
1911 2677 2197 2728 ἀδαμαντίνως

623 2762 874 2807 persuasum
908 2749 1133 2792 verborum
1166 2749 1371 2800 sormam,
1404 2748 1752 2803 compositionem
1791 2752 1831 2789 et
1865 2747 2078 2789 notionem
2113 2761 2195 2789 cer-

625 2820 675 2861 lis
721 2817 986 2875 temporibus
1029 2832 1077 2862 ac
1123 2819 1226 2862 locis
1270 2826 1423 2862 certam
1464 2831 1582 2867 esse,
1629 2823 1676 2859 ut
1721 2818 1763 2859 in
1798 2817 2004 2872 cuiusque
2051 2816 2196 2871 lingua

622 2890 760 2945 patria
795 2894 837 2932 et
870 2902 1065 2932 sermone
1108 2889 1335 2933 vernaculo
1359 2922 1369 2939 ‚
1418 2901 1469 2932 nc
1507 2888 1666 2930 sentire
1709 2887 1880 2943 quidem
1916 2891 2090 2942 possunt
2132 2886 2194 2927 in-

625 2958 884 3015 terpretandi
933 2958 1218 3003 difficultates.
1298 2959 1557 3003 Permiscent
1614 2957 1724 3000 inter
1779 2971 1822 3000 se
1870 2957 2057 3012 primum
2112 2969 2193 2998 uon
