2366 3540
1390 273 1443 312 24

632 399 684 430 ex
714 386 867 430 Atticis
915 389 1124 442 quantum
1164 384 1253 427 scio
1297 383 1402 426 istae
1438 382 1630 426 maculae
1673 397 1819 428 omnes
1853 385 2024 429 tandem
2064 385 2204 430 elutae

631 460 758 504 sunt,
791 455 918 497 etiam
959 467 1007 496 ex
1042 453 1279 495 Atticorum
1315 451 1604 494 imitatoribus
1637 451 1863 508 aliquando
1896 454 2123 506 eluentur,
2156 461 2204 498 ut.

630 523 742 579 apud
777 523 905 565 solam
936 521 1094 564 faecem
1136 522 1394 577 scriptorum
1426 520 1683 563 Graecorum
1726 528 1988 566 remaneant.
2054 524 2204 566 Gravis

630 592 765 646 igitur
823 592 916 633 eius
973 604 1093 633 error
1142 596 1206 633 est
1256 591 1328 646 qui
1382 590 1637 633 Philostrato
1697 591 1951 644 πορισάμενος
2001 581 2204 635 obtrudit.

630 660 764 711 Quam
806 673 930 716 saepe
970 665 1117 713 ποριεῖν
1150 665 1189 703 et
1235 661 1453 713 ποριεῖσθαι
1489 660 1532 701 in
1575 659 1803 703 cuiuslibet
1845 660 1998 702 aetatis
2030 661 2205 716 scripto-

628 728 750 770 ribus
786 731 988 772 occurrit.
1053 730 1211 773 Verum
1248 742 1383 785 neque
1413 728 1562 771 Editor
1593 742 1730 784 neque
1759 729 1906 786 Mynas
1940 742 2076 785 neque
2104 730 2206 771 Bur-

629 798 809 849 novius,
857 799 981 841 cuius
1022 799 1218 840 vitiosam
1268 798 1504 840 doctrinam
1555 798 1714 840 Gallica
1760 799 1960 840 iuventus
2007 798 2206 848 imbibit,

629 865 787 908 formas
831 867 1012 910 Graecas
1056 866 1207 922 probas
1244 880 1292 908 ac
1338 880 1462 908 sanas
1494 880 1516 908 a
1554 866 1668 908 salsis
1708 873 1749 909 et
1780 868 2021 923 depravatis
2053 867 2205 909 distin-

630 948 761 990 guere
794 941 983 991 possunt.
1049 935 1198 991 Itaque
1229 940 1302 977 aut
1337 934 1493 977 formas
1526 934 1648 976 nihili
1680 949 1757 977 suo
1786 941 1860 978 aut
1894 937 2031 979 alieno
2063 949 2207 979 errore

630 1010 753 1046 natas
797 1010 956 1048 temere
985 1004 1184 1060 probatas
1217 1004 1478 1054 admittunt,
1521 1009 1595 1045 aut
1635 1003 1938 1047 Graeculorum
1985 1005 2208 1047 vitiosissi-

629 1085 746 1116 mam
786 1076 992 1124 συνήθειαν
1033 1073 1357 1128 Antiquioribus
1404 1073 1550 1114 invitis
1595 1072 1821 1122 affricani,
1869 1079 1943 1116 aut
1990 1074 2209 1117 contrario

631 1154 777 1185 errore
805 1142 961 1186 formas
992 1144 1236 1185 Homericas
1268 1149 1310 1185 et
1339 1142 1437 1184 olim
1475 1141 1682 1184 obsoletas
1716 1142 1924 1186 invehunt
1966 1144 2007 1185 in
2047 1144 2208 1186 Attico-

630 1223 728 1254 rum
767 1218 808 1254 et
851 1213 1149 1255 Atticistarum
1184 1213 1444 1260 orationem,
1493 1224 1602 1267 quae
1635 1211 1697 1254 sic
1733 1211 1978 1254 ioculariter
2022 1225 2209 1255 comma-

631 1280 814 1323 culatur.
878 1282 992 1325 Dabo
1024 1282 1229 1338 quaedam
1262 1297 1310 1326 ex
1342 1281 1597 1324 Philostrato
1629 1280 1833 1336 exempla.
1892 1280 2090 1323 Vidimus
2123 1283 2207 1325 iam

631 1355 755 1393 antea
805 1350 948 1394 doctos
996 1352 1189 1394 homines
1230 1352 1410 1408 Epicum
1459 1349 1650 1403 ἔχθεσθαι
1695 1363 1957 1405 concoquere
2008 1352 2208 1405 potuisse.

631 1419 734 1474 Pag.
769 1422 838 1462 24.
887 1420 1056 1463 editur:
1102 1423 1341 1473 Ναύκρατις
1388 1418 1452 1462 οὖν
1506 1419 1766 1472 οένερρέθη,
1815 1418 1887 1461 sed
1935 1419 2109 1461 Veteres
2156 1419 2209 1462 ad

630 1500 765 1531 unum
806 1503 953 1532 omnes
995 1503 1162 1533 summa
1194 1490 1432 1532 constantia
1475 1491 1633 1543 ῥηθῆναι
1673 1488 1872 1531 dixerunt
1911 1501 1961 1530 ex
2002 1491 2208 1542 προρρηθῆ-

631 1573 725 1606 ναι,
773 1561 1064 1611 προσρηθῆναι,
1113 1561 1378 1613 ἀναρρηθῆναι
1415 1563 1496 1600 cet.
1564 1557 1665 1600 Sero
1712 1558 1801 1600 nati
1838 1557 2033 1600 Graeculi
2066 1571 2209 1614 coepe·

631 1633 735 1669 runt
769 1629 919 1680 ἐρρέθην
951 1629 1121 1679 dicere,
1168 1635 1215 1670 ut
1257 1631 1458 1682 αἱρεθῆναι
1494 1633 1536 1669 et
1568 1628 1783 1680 εὑρεθῆναι.
1847 1626 1936 1669 Νοη
1981 1633 2044 1669 est
2082 1627 2210 1670 Grae-

633 1710 731 1739 cum
764 1697 874 1752 quod
908 1697 1066 1752 legitur
1102 1712 1141 1754 p.
1173 1702 1244 1741 50.
1278 1699 1346 1741 τὸν
1379 1697 1541 1750 αὐχένα
1573 1696 1926 1749 κεκρατύσθω,
1959 1696 2032 1739 sed
2064 1697 2208 1750 κεκρα-

631 1766 772 1809 τύνθω.
848 1766 1049 1809 Eiusdem
1095 1766 1256 1810 farinae
1302 1773 1429 1823 atque
1475 1766 1733 1819 πορισάμενος
1781 1770 1846 1807 est
1889 1765 2000 1820 quod
2050 1765 2209 1821 legitur

631 1848 672 1892 p.
700 1838 777 1877 52:
827 1836 1054 1888 Διακριτέοι
1086 1836 1126 1878 δὲ
1157 1834 1264 1886 ὅμως
1293 1835 1334 1878 οἵ
1357 1853 1404 1879 τε
1427 1837 1516 1878 καθ’
1549 1834 1590 1878 ἓν
1627 1833 2026 1886 ἀγωνισάμενοι
2066 1839 2206 1878 ταῦτα

632 1904 702 1947 καὶ
735 1906 768 1946 οἱ
803 1905 901 1955 ὁμοῦ
935 1904 1090 1947 πάντα.
1154 1905 1385 1947 Barbarum
1421 1910 1484 1947 est
1523 1905 1842 1956 ἀγωνισάμενοι,
1876 1918 1951 1959 pro
1983 1919 2065 1961 qus)
2097 1907 2206 1957 ἀγω-

633 1973 825 2024 νιούμενοι
869 1973 1187 2028 reponeudum,
1232 1980 1277 2017 ut
1328 1975 1473 2016 statim
1521 1980 1615 2029 post
1656 1976 1724 2016 τὸν
1764 1973 1838 2024 μὲν
1886 1974 1931 2022 δὴ
1976 1975 2209 2018 ὁπλιτεύ·

633 2058 785 2086 σοντα
820 2056 894 2099 pro
929 2043 1215 2086 ὁπλιτεύοντα.
1285 2043 1415 2086 Recte
1451 2043 1610 2099 legitur
1652 2057 1689 2099 p.
1717 2047 1798 2093 50,
1834 2046 1910 2084 15:
1956 2043 1973 2085 ὂ
2017 2045 2057 2086 δὲ
2087 2044 2210 2097 ἄριςα

633 2111 1110 2165 δολιχοδρομήσων
1142 2113 1235 2161 τοὺς
1267 2113 1343 2165 μὲν
1377 2113 1504 2164 ὤμους
1538 2112 1606 2155 καὶ
1639 2113 1707 2155 τὸν
1744 2112 1908 2165 αὐχένα
1952 2115 2208 2166 κεκρατύσθω

638 2180 817 2238 (evoco),
850 2186 892 2223 et
924 2195 965 2237 p.
997 2185 1077 2233 56,
1113 2187 1159 2226 1:
1203 2187 1351 2234 Ἴωμεν
1385 2183 1450 2225 ἐπὶ
1483 2183 1576 2230 τοὺς
1610 2182 2013 2233 παλαίσοντας,
2045 2188 2086 2225 et
2120 2197 2211 2239 pas-

636 2252 732 2294 sim.
801 2251 1007 2294 Similiter
1049 2251 1372 2295 confunduntur
1404 2253 1445 2294 in
1491 2250 1733 2308 apographo
1772 2256 1814 2293 et
1848 2252 1889 2293 in
1930 2252 2080 2309 Mynae
2124 2253 2210 2296 edi·

636 2322 752 2364 tione
779 2326 856 2364 τῶν
900 2321 1205 2372 ἀγωνιουμένων
1247 2327 1289 2364 et
1327 2322 1405 2363 τῶν
1443 2321 1746 2374 ἀγωνιζομένων
1791 2334 1827 2376 p.
1864 2324 1945 2372 48,
1983 2325 2049 2364 18.
2114 2322 2210 2366 Sae-

637 2392 734 2447 pius
770 2391 955 2433 recurrit
1001 2390 1200 2433 vitiosum
1241 2391 1480 2439 άλισθαίνω,
1525 2390 1655 2432 veluti
1691 2404 1729 2445 p.
1760 2394 1842 2432 48:
1887 2389 2000 2441 ἄγαν
2048 2393 2210 2435 ὑπολι-

639 2461 844 2503 σθαίνων
877 2464 919 2502 et
959 2474 1000 2516 p.
1033 2463 1115 2503 66:
1150 2460 1432 2508 δυσπάλαιςάς
1465 2476 1511 2502 τε
1543 2459 1611 2501 καὶ
1645 2459 2104 2512 διολισθαίνοντες,
2136 2461 2209 2504 sed

639 2535 726 2572 tam
766 2542 893 2584 prava
923 2529 1025 2571 haec
1070 2535 1170 2572 sunt
1199 2544 1248 2572 ac
1279 2531 1313 2571 si
1356 2529 1453 2585 quis
1494 2529 1718 2580 λαμβαίνω
1750 2528 1873 2571 vellet
1913 2529 2068 2573 dicere.
2133 2531 2211 2574 Re-

639 2612 747 2656 poue
779 2599 1053 2641 ὑπολισθοένων
1084 2605 1126 2642 et
1165 2599 1493 2646 διολισθάνοντες.
1558 2597 1675 2650 Quod
1719 2597 1876 2652 legitur
1918 2612 1958 2654 p.
1995 2603 2076 2643 70:
2109 2599 2209 2652 ξυγ-

639 2671 846 2722 κιρνοῖσθαι
891 2669 1096 2711 Graecum
1143 2671 1225 2712 erit
1268 2671 1301 2711 si
1336 2674 1562 2711 accentum
1596 2668 1859 2718 correxeriS,
1903 2667 2208 2722 ξυγκίρνασθαι.

642 2738 779 2782 Semel
811 2744 853 2780 et
888 2738 1042 2780 iterum
1076 2739 1263 2781 recurrit
1307 2739 1639 2791 ὑπερσιτίσαντες
1683 2750 1722 2793 p.
1751 2740 1806 2779 82
1828 2770 1838 2788 ,
1874 2741 1941 2779 11.
1976 2744 2018 2781 et
2051 2742 2135 2789 86,
2169 2742 2209 2782 2.

640 2809 712 2854 sed
746 2809 999 2851 Graecitatis
1043 2815 1085 2850 et
1125 2808 1318 2864 analogia
1354 2814 1396 2851 et
1428 2814 1658 2864 perpetuus
1701 2820 1804 2849 usus
1849 2808 2008 2862 pariter
2053 2809 2211 2862 ὑπερσι-

640 2885 724 2922 τεῖν
758 2879 1006 2934 requirunt,
1051 2883 1098 2920 ut
1129 2879 1314 2930 οὶσιτεῖν,
1355 2882 1607 2930 μονοσιτεῖν,
1649 2882 1920 2930 παρασιτεῖν,
1968 2876 2063 2920 alia.
2129 2879 2210 2921 Ita-

643 2962 723 3005 quc
758 2948 1100 3001 ὑπερσιτήσαντες
1138 2947 1364 3005 utrobique
1406 2945 1733 2991 restituendum.
1797 2946 1946 2990 Nescio
1979 2947 2080 3004 quid
2113 2947 2211 2991 Edi-
